@book{murphy2023probabilistic,
	author = "Kevin P. Murphy",
	title = "Probabilistic Machine Learning: Advanced Topics",
	publisher = "MIT Press",
	year = 2023,
	url = "http://probml.github.io/book2"
}

@book{Rao1973Linear,
	author    = {C. Radhakrishna Rao},
	title     = {Linear Statistical Inference and Its Applications},
	edition   = {2nd},
	publisher = {John Wiley \& Sons},
	year      = {1973},
	isbn      = {978-0-471-34969-5},
	address   = {New York},
	note      = {See Chapter 3 for the Cramér-Rao inequality and its applications.}
}

@article{Navratil1981,
  author  = {Navrátil, J.},
  title   = {Radon-Nikodym theorem in spaces of measures},
  journal = {Mathematica Scandinavica},
  volume  = {48},
  number  = {1981},
  pages   = {5--12},
  year    = {1981},
  url     = {https://www.mscand.dk/article/view/11916}
}

@article{Neyman1928OnSR,
	author = {NEYMAN, J. and PEARSON, E. S.},
	title = "{ON THE USE AND INTERPRETATION OF CERTAIN TEST CRITERIA FOR PURPOSES OF STATISTICAL INFERENCE}",
	journal = {Biometrika},
	volume = {20A},
	number = {3-4},
	pages = {263-294},
	year = {1928},
	month = {12},
	issn = {0006-3444},
	doi = {10.1093/biomet/20A.3-4.263},
	url = {https://doi.org/10.1093/biomet/20A.3-4.263},
	eprint = {https://academic.oup.com/biomet/article-pdf/20A/3-4/263/1037410/20A-3-4-263.pdf},
}

@book{fisher1925statistical,
	added-at = {2009-10-28T04:42:52.000+0100},
	author = {Fisher, R.A.},
	biburl = {https://www.bibsonomy.org/bibtex/2dde0e79ae9f617d14ea8e878332febc3/jwbowers},
	date-added = {2009-08-24 14:09:49 -0500},
	date-modified = {2009-08-24 15:21:19 -0500},
	interhash = {8240df5e4c7457755487ca08fc12e870},
	intrahash = {dde0e79ae9f617d14ea8e878332febc3},
	keywords = {imported},
	publisher = {Edinburgh Oliver \& Boyd},
	timestamp = {2009-10-28T04:42:54.000+0100},
	title = {Statistical methods for research workers},
	year = 1925
}

@article{Wald1945Sequential,
	author = {A. Wald},
	title = {{Sequential Tests of Statistical Hypotheses}},
	volume = {16},
	journal = {The Annals of Mathematical Statistics},
	number = {2},
	publisher = {Institute of Mathematical Statistics},
	pages = {117 -- 186},
	year = {1945},
	doi = {10.1214/aoms/1177731118},
	URL = {https://doi.org/10.1214/aoms/1177731118}
}

@book{lehmann1986testing,
	title={Testing Statistical Hypotheses},
	author={Lehmann, E.L.},
	isbn={9780471840831},
	lccn={85029469},
	series={Probability and Statistics Series},
	url={https://books.google.dk/books?id=jexQAAAAMAAJ},
	year={1986},
	publisher={Wiley}
}

@article{Neyman1948Consistent,
	title={Consistent Estimates Based on Partially Consistent Observations},
	author={Jerzy Neyman and Elizabeth Letitia Scott},
	journal={Econometrica},
	year={1948},
	volume={16},
	pages={1},
	url={https://api.semanticscholar.org/CorpusID:155631889}
}

@book{drewitz2019introduction,
	author = {Drewitz, Alexander},
	title = {Introduction to Probability and Statistics},
	year = {2019},
	publisher = {University of Cologne},
	note = {Preliminary version, February 1},
}


@book{chan2021introduction,
	title={Introduction to Probability for Data Science},
	author={Chan, S.H.},
	isbn={9781607857464},
	url={https://books.google.dk/books?id=GR2jzgEACAAJ},
	year={2021},
	publisher={Michigan Publishing}
}

@book{lavalle2006planning,
	added-at = {2006-10-17T00:27:45.000+0200},
	author = {Lavalle, Steven M.},
	biburl = {https://www.bibsonomy.org/bibtex/2d52a7489c7a4cfe32e48f949a171c0c0/mobst},
	interhash = {cb59968f0fee7daa3b701405fbce22e2},
	intrahash = {d52a7489c7a4cfe32e48f949a171c0c0},
	isbn = {0521862051},
	keywords = {imported},
	price = {EUR 53,90},
	publisher = {Cambridge University Press},
	timestamp = {2006-10-17T00:27:45.000+0200},
	title = {Planning Algorithms},
	year = 2006
}


@book{pascal_pensees_1910,
	author = {Pascal, Blaise},
	title = {Pensées},
	year = {1670},
	publisher = {Dent},
	address = {London},
	translator = {Trotter, W. F.},
	year = {1910},
}

@book{Leamer1978,
	author    = {Edward E. Leamer},
	title     = {Specification Searches: Ad Hoc Inference with Nonexperimental Data},
	publisher = {Wiley},
	year      = {1978},
	pages     = {25},
}

@inbook{shafer1987,
	title = "BELIEF FUNCTIONS AND POSSIBILITY MEASURES.",
	abstract = "This article studies the connections between the theories of belief functions and possibility measures. It shows how both use compatibility relations linking different frames of discernment. It explains the canonical examples on which belief functions are based and challenges students of possibility measures to provide alternative canonical examples to justify those rules for possibility measures that diverge from the rules for belief functions.",
	author = "Glenn Shafer",
	year = "1987",
	language = "English (US)",
	isbn = "0849362962",
	pages = "51--84",
	booktitle = "Anal of Fuzzy Inf",
	publisher = "CRC Press Inc",
}

@book{hoff2009first,
	author    = {Peter D. Hoff},
	title     = {A First Course in Bayesian Statistical Methods},
	publisher = {Springer},
	year      = {2009},
	series    = {Springer Texts in Statistics},
	doi       = {10.1007/978-0-387-92407-6},
}


@online{taboga2021,
	author    = {Marco Taboga},
	title     = {Expected value and the Lebesgue integral},
	year      = {2021},
	url       = {https://www.statlect.com/fundamentals-of-probability/expected-value-and-Lebesgue-integral},
	note      = {Online appendix},
	publisher = {Kindle Direct Publishing}
}


@unpublished{jaynes_11,
	author    = {Jaynes, E. T.},
	title     = {Probability Theory - The Logic of Science},
}

@article{jaynes_16,
	author    = {Jaynes, E. T.},
	title     = {Prior Probabilities},
	journal   = {IEEE Transactions on Systems Science and Cybernetics},
	volume    = {SSC-4},
	pages     = {227--241},
	year      = {1968},
}

@incollection{jaynes_19,
	author    = {Jaynes, E. T.},
	title     = {Where Do We Stand On Maximum Entropy?},
	booktitle = {The Maximum Entropy Formalism},
	editor    = {Levine, R. D. and Tribus, M.},
	pages     = {15--118},
	publisher = {MIT Press},
	year      = {1978},
}

@incollection{jaynes_21,
	author    = {Jaynes, E. T.},
	title     = {Marginalization and Prior Probabilities},
	booktitle = {Bayesian Analysis in Econometrics and Statistics},
	editor    = {Zellner, A.},
	publisher = {North-Holland Publishing Company},
	address   = {Amsterdam},
	year      = {1980}
}


@article{shore_17,
	author    = {Shore, J. E. and Johnson, R. W.},
	title     = {Axiomatic Derivation of the Principle of Maximum Entropy and the Principle of Minimum Cross-Entropy},
	journal   = {IEEE Transactions on Information Theory},
	volume    = {IT-26},
	number    = {1},
	pages     = {26--37},
	year      = {1980},
}

@article{shore_18,
	author    = {Shore, J. E. and Johnson, R. W.},
	title     = {Properties of Cross-Entropy Minimization},
	journal   = {IEEE Transactions on Information Theory},
	volume    = {IT-27},
	number    = {4},
	pages     = {472--482},
	year      = {1981},
}

@book{zellner_bayesian_inference,
	author    = {Zellner, A.},
	title     = {An Introduction to Bayesian Inference in Econometrics},
	publisher = {John Wiley and Sons},
	address   = {New York},
	year      = {1971},
}

@article{Zwicky:1933gu,
	author         = "Zwicky, F.",
	journal        = "Helv. Phys. Acta",
	volume         = "6",
	year           = "1933",
	pages          = "110-127",
	doi            = "10.1007/s10714-008-0707-4",
}

@InCollection{sep-probability-interpret,
	author       =	{Hájek, Alan},
	title        =	{{Interpretations of Probability}},
	booktitle    =	{The {Stanford} Encyclopedia of Philosophy},
	editor       =	{Edward N. Zalta and Uri Nodelman},
	howpublished =	{\url{https://plato.stanford.edu/archives/win2023/entries/probability-interpret/}},
	year         =	{2023},
	edition      =	{{W}inter 2023},
	publisher    =	{Metaphysics Research Lab, Stanford University}
}

@article{Lee:1977ua,
	author         = "Lee, Benjamin W. and Weinberg, Steven",
	journal        = "Phys. Rev. Lett.",
	volume         = "39",
	year           = "1977",
	pages          = "165-168",
	doi            = "10.1103/PhysRevLett.39.165",
	note           = "[,183(1977)]",
	reportNumber   = "FERMILAB-PUB-77-41-THY, FERMILAB-PUB-77-041-T",
	SLACcitation   = "%%CITATION = PRLTA,39,165;%%"
}

@ARTICLE{Swaters2010,
	author = "Swaters, R.A. and Sanders, R.H. and McGaugh, S.S.",
	title = "{Testing Modified Newtonian Dynamics with Rotation Curves of Dwarf and Low Surface Brightness Galaxies}",
	eprint = "1005.5456",
	archivePrefix = "arXiv",
	primaryClass = "astro-ph.CO",
	doi = "10.1088/0004-637X/718/1/380",
	journal = "Astrophys. J.",
	volume = "718",
	pages = "380--391",
	year = "2010"
}

@ARTICLE{Swaters2012,
	author = "Swaters, R.A. and Sancisi, R. and van der Hulst, J.M. and van Albada, T.S.",
	title = "{The Link between the Baryonic Mass Distribution and the Rotation Curve Shape}",
	eprint = "1207.2729",
	archivePrefix = "arXiv",
	primaryClass = "astro-ph.CO",
	doi = "10.1111/j.1365-2966.2012.21599.x",
	journal = "Mon. Not. Roy. Astron. Soc.",
	volume = "425",
	pages = "2299",
	year = "2012"
}

@ARTICLE{Famaey2012,
	author = {{Famaey}, Beno{\^\i}t and {McGaugh}, Stacy S.},
	title = "{Modified Newtonian Dynamics (MOND): Observational Phenomenology and Relativistic Extensions}",
	journal = {Living Reviews in Relativity},
	keywords = {astronomical observations, Newtonian limit, equations of motion, extragalactic astronomy, cosmology, theories of gravity, fundamental physics, astrophysics, Astrophysics - Cosmology and Nongalactic Astrophysics, Astrophysics - Astrophysics of Galaxies, General Relativity and Quantum Cosmology, High Energy Physics - Phenomenology, High Energy Physics - Theory},
	year = 2012,
	month = sep,
	volume = {15},
	number = {1},
	eid = {10},
	pages = {10},
	doi = {10.12942/lrr-2012-10},
	archivePrefix = {arXiv},
	eprint = {1112.3960},
	primaryClass = {astro-ph.CO},
	adsurl = {https://ui.adsabs.harvard.edu/abs/2012LRR....15...10F},
	adsnote = {Provided by the SAO/NASA Astrophysics Data System}
}

@article{Petersen:2017klw,
	author = {Petersen, Jonas and Frandsen, Mads T},
	title = "{A method for discriminating between dark matter models and MOND modified inertia via galactic rotation curves}",
	journal = {Monthly Notices of the Royal Astronomical Society},
	volume = {496},
	number = {2},
	pages = {1077-1091},
	year = {2020},
	month = {06},
	issn = {0035-8711},
	doi = {10.1093/mnras/staa1541},
	url = {https://doi.org/10.1093/mnras/staa1541},
	eprint = {https://academic.oup.com/mnras/article-pdf/496/2/1077/33419277/staa1541.pdf},
}

@inproceedings{Binney:2003uh,
	author         = "Binney, James",
	year           = "2003",
	note           = "[Submitted to: ASP Conf. Ser.(2003)]",
	eprint         = "astro-ph/0310219",
	archivePrefix  = "arXiv",
	primaryClass   = "astro-ph",
	SLACcitation   = "%%CITATION = ASTRO-PH/0310219;%%"
}

@article{McGaugh:2016leg,
	author         = "McGaugh, Stacy and Lelli, Federico and Schombert, Jim",
	journal        = "Phys. Rev. Lett.",
	volume         = "117",
	year           = "2016",
	number         = "20",
	pages          = "201101",
	doi            = "10.1103/PhysRevLett.117.201101",
	eprint         = "1609.05917",
	archivePrefix  = "arXiv",
	primaryClass   = "astro-ph.GA",
	SLACcitation   = "%%CITATION = ARXIV:1609.05917;%%"
}

@article{Lelli:2017vgz,
	author         = "Lelli, Federico and McGaugh, Stacy S. and Schombert,
	James M. and Pawlowski, Marcel S.",
	journal        = "Astrophys. J.",
	volume         = "836",
	year           = "2017",
	number         = "2",
	pages          = "152",
	doi            = "10.3847/1538-4357/836/2/152",
	eprint         = "1610.08981",
	archivePrefix  = "arXiv",
	primaryClass   = "astro-ph.GA",
	SLACcitation   = "%%CITATION = ARXIV:1610.08981;%%"
}

@ARTICLE{Bengio1995,
	author = {{Bengio}, Y. and {Frasconi}, P.},
	title = "{Diffusion of Context and Credit Information in Markovian Models}",
	journal = {arXiv e-prints},
	keywords = {Computer Science - Artificial Intelligence},
	year = 1995,
	month = sep,
	eid = {cs/9510101},
	pages = {cs/9510101},
	archivePrefix = {arXiv},
	eprint = {cs/9510101},
	primaryClass = {cs.AI},
	adsurl = {https://ui.adsabs.harvard.edu/abs/1995cs.......10101B},
	adsnote = {Provided by the SAO/NASA Astrophysics Data System}
}

@ARTICLE{Bengio1994,
	author={Y. {Bengio} and P. {Simard} and P. {Frasconi}},
	journal={IEEE Transactions on Neural Networks}, 
	title={Learning long-term dependencies with gradient descent is difficult}, 
	year={1994},
	volume={5},
	number={2},
	pages={157-166}
	}

@article{Renzosrule,
	author = {Sancisi, Renzo},
	year = {2004},
	month = {06},
	pages = {233},
	title = {The visible matter -- dark matter coupling},
	volume = {220},
	journal = {Symposium - International Astronomical Union},
	doi = {10.1017/S0074180900183299}
}

@book{cardano-giochi,
	author    = {Cardano, Gerolamo},
	title     = {Libro de' giochi},
	year      = {1663}, % Original publication year
}

@book{kolmogorov1950foundations,
	author    = {Kolmogorov, Andrey},
	title     = {Foundations of the Theory of Probability},
	year      = {1950},
	publisher = {Chelsea Publishing Company},
	address   = {Providence, RI, USA},
}


@book{cardano,
	author    = {Cardano, Gerolamo},
	title     = {De Rerum Varietate},
	year      = {1557}, % Adjust the year based on the specific edition you are referring to
	publisher = {Publisher},
	address   = {Publisher's Location},
}


@article{laplace1774memoir,
	author = {Laplace, Pierre-Simon},
	title = {Mémoire sur la Probabilité},
	journal = {Histoire de l'Académie Royale des Sciences},
	volume = {7},
	pages = {621-656},
	year = {1774},
}


@article{ore1960pascal,
	author = {Ore, Oystein},
	title = {Pascal and the Invention of Probability Theory},
	journal = {The American Mathematical Monthly},
	volume = {67},
	number = {5},
	pages = {409-419},
	year = {1960},
	publisher = {Mathematical Association of America},
	url = {http://www.jstor.org/stable/2309286},
	note = {Accessed on 11-01-2017 04:05 UTC},
}



@article{pymc,
	title = {PyMC: a modern, and comprehensive probabilistic programming framework in Python},
	author = {Abril-Pla, Oriol and Andreani, Virgile and Carroll, Colin and Dong, Larry and Fonnesbeck, Christopher J. and Kochurov, Maxim and Kumar, Ravin and Lao, Junpeng and Luhmann, Christian C. and Martin, Osvaldo A. and Osthege, Michael and Vieira, Ricardo and Wiecki, Thomas and Zinkov, Robert},
	year = 2023,
	month = sep,
	keywords = {Bayesian statistics, Probabilistic programming, Python, Markov chain Monte Carlo, Statistical modeling},
	abstract = {
	PyMC is a probabilistic programming library for Python that provides tools for constructing and fitting Bayesian models. It offers an intuitive, readable syntax that is close to the natural syntax statisticians use to describe models. PyMC leverages the symbolic computation library PyTensor, allowing it to be compiled into a variety of computational backends, such as C, JAX, and Numba, which in turn offer access to different computational architectures including CPU, GPU, and TPU. Being a general modeling framework, PyMC supports a variety of models including generalized hierarchical linear regression and classification, time series, ordinary differential equations (ODEs), and non-parametric models such as Gaussian processes (GPs). We demonstrate PyMC’s versatility and ease of use with examples spanning a range of common statistical models. Additionally, we discuss the positive role of PyMC in the development of the open-source ecosystem for probabilistic programming.
	},
	volume = 9,
	pages = {e1516},
	journal = {PeerJ Computer Science},
	issn = {2376-5992},
	url = {https://doi.org/10.7717/peerj-cs.1516},
	doi = {10.7717/peerj-cs.1516}
}
@article{Finetti1937LaP,
	author = {de Finetti, Bruno},
	title = {La pr\'evision : ses lois logiques, ses sources subjectives},
	journal = {Annales de l'institut Henri Poincar\'e},
	publisher = {INSTITUT HENRI POINCAR\'E ET GAUTHIER-VILLARS},
	volume = {7},
	number = {1},
	year = {1937},
	pages = {1-68},
	zbl = {0017.07602},
	language = {fr},
	url = {http://www.numdam.org/item/AIHP_1937__7_1_1_0}
}
@PHDTHESIS{petersen2020,
	author = "Petersen, J.",
	title = {The Missing MAss Problem on Galactic Scales}
	school = PhD Thesis, University of Southern Denmark,
	year = 2020,
}
@article{Sannino,
	author = {Sannino, F.},
	title = {Lagrangian and Hamiltonian Mechanics},
}
@book{Srednicki2027,
	author        = "Srednicki, Mark",
	title         = "{Quantum Field Theory}",
	publisher     = "Cambridge Univ. Press",
	address       = "Cambridge",
	year          = "2007",
	url           = "https://cds.cern.ch/record/1019751",
}
@book{Schwichtenberg2015,
	author = {Schwichtenberg, J.},
	edition = {1},
	publisher = {Springer International Publishing},
	title = {{Physics from Symmetry}},
	year = 2015
}
@book{Griffiths,
	author = {Griffiths, David J.},
	day = 10,
	edition = {2nd},
	isbn = {0131118927},
	month = apr,
	publisher = {Pearson Prentice Hall},
	title = {{Introduction to Quantum Mechanics (2nd Edition)}},
	year = 2004
}
@book{BR,
	title={Nuclear and Particle Physics: An Introduction},
	author={Martin, B.R.},
	isbn={9780470025321},
	lccn={2005036437},
	url={https://books.google.it/books?id=WXHG1wSgQDMC},
	year={2006},
	publisher={Wiley}
}
@book{Sakurai,
	author        = "Sakurai, Jun John",
	title         = "{Modern quantum mechanics; rev. ed.}",
	publisher     = "Addison-Wesley",
	address       = "Reading, MA",
	year          = "1994",
	url           = "https://cds.cern.ch/record/1167961",
}
@Book{dirac,
	author =       "P. A. M. Dirac",
	title =        "{Die Prinzipien der Quantenmechanik}. ({German})
	[{The} Principles of Quantum Mechanics]",
	publisher =    "Verlag von S. Hirzel",
	address =      "Leipzig, Germany",
	pages =        "xi + 274",
	year =         "1930",
	bibdate =      "Mon May 16 14:25:45 2011",
	note =         "Translated by Werner Bloch from the English	original.",
	ZMnumber =     "56.0745.06",
	acknowledgement = ack-nhfb,
	language =     "German",
}
@book{Weinberg1972,
	author        = "Weinberg, Steven",
	title         = "{Gravitation and Cosmology: Principles and Applications of
	the General Theory of Relativity}",
	publisher     = "Wiley",
	address       = "New York, NY",
	year          = "1972",
	url           = "https://cds.cern.ch/record/100595",
}
@book{Cheng,
	author        = "Cheng, Ta-Pei",
	title         = "{Relativity, Gravitation and Cosmology: A Basic Introduction}",
	publisher     = "Oxford University Press",
	year          = "2010",
}
@book{blundell,
	title={Concepts in Thermal Physics},
	author={Blundell, S. and Blundell, S.J. and Blundell, K.M.},
	isbn={9780198567691},
	lccn={2006297144},
	series={Comprehensive Assessment of Water Management in Agriculture},
	url={https://books.google.dk/books?id=oaDdswEACAAJ},
	year={2006},
	publisher={Oxford University Press}
}
@book{Goldstein,
	title={Classical Mechanics},
	author={Goldstein, H. and Poole, C.P. and Safko, J.L.},
	isbn={9780201657029},
	lccn={79023456},
	url={https://books.google.dk/books?id=tJCuQgAACAAJ},
	year={2002},
	publisher={Addison Wesley}
}
@book{Lautrup,
	title={Physics of Continuous Matter: Exotic and Everyday Phenomena in the Macroscopic World},
	author={Lautrup, B.},
	isbn={9781439894200},
	url={https://books.google.dk/books?id=ohbSBQAAQBAJ},
	year={2011},
	publisher={CRC Press}
}
@book{calculus,
	title={Calculus: A Complete Course},
	author={Adams, R.A. and Essex, C.},
	isbn={9780321549280},
	url={https://books.google.dk/books?id=vFdKPgAACAAJ},
	year={2009},
	publisher={Pearson Canada}
}
@book{hjort,
	title = "Elements of Newtonian Mechanics, 3rd edition",
	author = "Knudsen, {J. M.} and Hjorth, {Poul G.}",
	year = "2000",
	language = "English",
	publisher = "Springer",
}
@book{Peskin1995,
	author        = "Peskin, Michael E and Schroeder, Daniel V",
	title         = "{An introduction to quantum field theory}",
	publisher     = "Westview",
	address       = "Boulder, CO",
	year          = "1995",
	url           = "https://cds.cern.ch/record/257493",
	note          = "Includes exercises",
}
@book{Lancaster2014,
	author        = "Lancaster, Tom and Blundell, Stephen J",
	title         = "{Quantum field theory for the gifted amateur}",
	publisher     = "Oxford University Press",
	address       = "Oxford",
	month         = "Apr",
	year          = "2014",
	url           = "https://cds.cern.ch/record/1629337",
	doi           = "0199699321",
}
@article{Cybenko1989,
	author = {Cybenko, G.},
	biburl = {https://www.bibsonomy.org/bibtex/2be85c56ae384216b2e35bdf79b7fb477/baby9992006},
	citeulike-article-id = {3561150},
	citeulike-linkout-0 = {http://dx.doi.org/10.1007/BF02551274},
	citeulike-linkout-1 = {http://www.springerlink.com/content/n873j15736072427},
	day = 1,
	doi = {10.1007/BF02551274},
	interhash = {96aecb02daa11041489259a8edb54070},
	intrahash = {be85c56ae384216b2e35bdf79b7fb477},
	issn = {0932-4194},
	journal = {Mathematics of Control, Signals, and Systems (MCSS)},
	keywords = {approximation, control, duckling, free, lunch, no, theorem, theory, ugly, universal},
	month = dec,
	number = 4,
	pages = {303--314},
	posted-at = {2012-02-28 13:17:08},
	priority = {2},
	publisher = {Springer London},
	timestamp = {2012-03-02T03:39:20.000+0100},
	title = {{Approximation by superpositions of a sigmoidal function}},
	url = {http://dx.doi.org/10.1007/BF02551274},
	volume = 2,
	year = 1989
}



@book{Bernoulli1713,
	author = {Bernoulli, Jacobi},
	year = {1713},
	title = {Ars conjectandi},
}
@article{cox1946,
	year = {1946},
	author = {Richard T. Cox},
	volume = {14},
	pages = {1--13},
	publisher = {Association for Symbolic Logic},
	doi = {10.2307/2272983},
	journal = {American Journal of Physics},
	number = {2},
	title = {Probability, Frequency, and Reasonable Expectation}
}
@article{Bernardo1979,
	author = {Bernardo, Jose},
	year = {1979},
	month = {01},
	pages = {},
	title = {Reference Posterior Distributions for Bayesian Inference},
	volume = {41},
	journal = {Journal of the Royal Statistical Society. Series B},
	doi = {10.1111/j.2517-6161.1979.tb01066.x}
}
@article{Bayes:63,
	abstract = {reprinted in Biometrika 45 296-315 1958 Thomas Bayes
	1702-1761
	http://www.cs.monash.edu.au/\~{}lloyd/tildeImages/People/Bayes/index.html
	([about Bayes])},
	added-at = {2008-10-07T16:03:39.000+0200},
	author = {Bayes, T.},
	biburl = {https://www.bibsonomy.org/bibtex/21f1017bf1b4fb8840f01e1649d1f0804/brefeld},
	interhash = {a7bc6ffe9fc49d87aff583b0f1dda401},
	intrahash = {1f1017bf1b4fb8840f01e1649d1f0804},
	journal = {Phil. Trans. of the Royal Soc. of London},
	keywords = {Bayes, Bayesian, MDL, MML, c1763 conditional, joint, jrnl, probability, theorem,},
	pages = {370--418},
	timestamp = {2008-10-07T16:03:44.000+0200},
	title = {An essay towards solving a problem in the doctrine of
	chances},
	volume = 53,
	year = 1763
}
@article{Garthwaite2005,
	added-at = {2017-08-04T17:31:07.000+0200},
	author = {Garthwaite, Paul H and Kadane, Joseph B and O'Hagan, Anthony},
	biburl = {https://www.bibsonomy.org/bibtex/266291796ce199174c56e7383b696308f/becker},
	interhash = {09dc0930d4b22f2a9190b63e32a03240},
	intrahash = {66291796ce199174c56e7383b696308f},
	journal = {Journal of the American Statistical Association},
	keywords = {inthesis diss bayes factor prior elicitation model comparison bayesian citedby:scholar:count:616 citedby:scholar:timestamp:2017-8-4},
	number = 470,
	pages = {680--701},
	publisher = {Taylor \& Francis},
	timestamp = {2017-08-04T17:31:07.000+0200},
	title = {Statistical methods for eliciting probability distributions},
	volume = 100,
	year = 2005
}
@book{Hammersley1964,
	author = {Hammersleyand, J. M and Handscomb, D. C.},
	title = {Monte Carlo Methods},
	year = {1964},
	publisher = {London, Methuen.},
}
@book{Goodfellow2016,
	author = {Goodfellow, Ian and Bengio, Yoshua and Courville, Aaron},
	title = {Deep Learning},
	year = {2016},
	isbn = {0262035618},
	publisher = {The MIT Press},
}
@article{Fischer1999,
	author = {Fischer, Manfred and Staufer-Steinnocher, Petra},
	year = {1999},
	month = {01},
	pages = {89-108},
	title = {Optimization in an Error Backpropagation Neural Network Environment with a Performance Test on a Spectral Pattern Classification Problem},
	volume = {31},
	journal = {Geographical Analysis},
	doi = {10.1111/gean.1999.31.1.89}
}
@article{fisher_1919, 
	title={XV.—The Correlation between Relatives on the Supposition of Mendelian Inheritance.}, 
	volume={52}, 
	number={2}, 
	journal={Transactions of the Royal Society of Edinburgh}, 
	publisher={Royal Society of Edinburgh Scotland Foundation}, 
	author={Fisher, R. A.}, year={1919}, 
	pages={399–433}}
@BOOK{Elliot2016,
	title = {Economic Forecasting},
	author = {Elliott, Graham and Timmermann, Allan},
	year = {2016},
	edition = {1},
	publisher = {Princeton University Press},
	keywords = {economics; forecasting; data; budget; planning; stocks; finance; investment; risk; inflation; estimation; variable; estimation; bayesian; non-bayesian; error; uncertainty; stability; density; nonlinear; linear; volatility; evaluation; emperical; theory; theoretic; decision},
	url = {https://EconPapers.repec.org/RePEc:pup:pbooks:10740}
}
@article{Duane:1987de,
	author = "Duane, S. and Kennedy, A.D. and Pendleton, B.J. and Roweth, D.",
	title = "{Hybrid Monte Carlo}",
	doi = "10.1016/0370-2693(87)91197-X",
	journal = "Phys. Lett. B",
	volume = "195",
	pages = "216--222",
	year = "1987"
}
@article{Mcgaugh18,
	author = {Mcgaugh, Stacy and Li, Pengfei and Lelli, Federico and Schombert, James},
	year = {2018},
	month = {11},
	pages = {},
	title = {Presence of a fundamental acceleration scale in galaxies},
	volume = {2},
	journal = {Nature Astronomy},
	doi = {10.1038/s41550-018-0615-9}
}
@ARTICLE{Combes1996,
	author = "Combes, F. and Arnaboldi, M.",
	title = "{The dark halo of polar-ring galaxy NGC 4650a: flattened towards the polar ring?}",
	journal = \aap,
	keywords = {GALAXIES: HALOS, INDIVIDUAL: NGC 4650A, KINEMATICS AND DYNAMICS, PECULIAR, STRUCTURE, DARK MATTER},
	year = "1996",
	month = "jan",
	volume = "305",
	pages = "763",
}
@ARTICLE{Arnaboldi1997,
	author = "Arnaboldi, M. and Oosterloo, T. and Combes, F. and
	Freeman, K. C. and Koribalski, B.",
	title = "{New H I Observations of the Prototype Polar Ring Galaxy NGC 4650A}",
	journal = \aj,
	year = 1997,
	month = feb,
	volume = "113",
	pages = "585-598",
}

@ARTICLE{Schweizer1993,
	author = "Schweizer, F. and Whitmore, B. C. and Rubin, V. C.",
	title = "{Colliding and merging galaxies. II. SO galaxies with polar rings.}",
	journal = \aj,
	year = 1983,
	month = jul,
	volume = "88",
	pages = "909-925",
}

@article{Sackett:1994va,
	author = "Sackett, Penny D. and Rix, Hans-Walter and Jarvis, Brian J. and Freeman, Kenneth C.",
	title = "{The Flattened dark halo of polar ring galaxy NGC-4650A: A conspiracy of shapes?}",
	eprint = "astro-ph/9406015",
	archivePrefix = "arXiv",
	doi = "10.1086/174938",
	journal = "Astrophys. J.",
	volume = "436",
	pages = "629",
	year = "1994"
}
@article{vandenBergh:1999sa,
	author = "van den Bergh, Sidney",
	title = "{The Early history of dark matter}",
	eprint = "astro-ph/9904251",
	archivePrefix = "arXiv",
	doi = "10.1086/316369",
	journal = "Publ. Astron. Soc. Pac.",
	volume = "111",
	pages = "657",
	year = "1999"
}

@ARTICLE{Dubinski1991,
	author = "Dubinski, John and Carlberg, R. G.",
	title = "{The Structure of Cold Dark Matter Halos}",
	journal = \apj,
	year = "1991",
	month = sep,
	volume = "378",
	pages = "496",
}

@article{Ibata:2000ys,
	author = "Ibata, Rodrigo and Irwin, Michael and Lewis, Geraint F. and Stolte, Andrea",
	title = "{Galactic halo substructure in the Sloan Digital Sky Survey: The Ancient tidal stream from the Sagittarius dwarf galaxy}",
	eprint = "astro-ph/0004255",
	archivePrefix = "arXiv",
	doi = "10.1086/318894",
	journal = "Astrophys. J. Lett.",
	volume = "547",
	pages = "L133--L136",
	year = "2001"
}
@article{Majewski:2003ux,
	author = "Majewski, Steven R. and Skrutskie, M.F. and Weinberg, Martin D. and Ostheimer, James C.",
	title = "{A 2mass all-sky view of the Sagittarius dwarf galaxy: I. Morphology of the Sagittarius core and tidal arms}",
	eprint = "astro-ph/0304198",
	archivePrefix = "arXiv",
	doi = "10.1086/379504",
	journal = "Astrophys. J.",
	volume = "599",
	pages = "1082--1115",
	year = "2003"
}
@article{Li2020iib,
	author = "Li, Pengfei and Lelli, Federico and McGaugh, Stacy and Schombert, James",
	title = "{A comprehensive catalog of dark matter halo models for SPARC galaxies}",
	eprint = "2001.10538",
	archivePrefix = "arXiv",
	primaryClass = "astro-ph.GA",
	doi = "10.3847/1538-4365/ab700e",
	journal = "Astrophys. J. Suppl.",
	volume = "247",
	number = "1",
	pages = "31",
	year = "2020"
}
@article{hastings70,
	added-at = {2009-05-22T23:03:45.000+0200},
	author = {Hastings, W. K.},
	biburl = {https://www.bibsonomy.org/bibtex/2f636b3c2026f71ad7f4f6352c2175d80/mboley},
	description = {Origin of Hasting's generalization of Metropolis' algorithm.},
	doi = {10.1093/biomet/57.1.97},
	eprint = {http://biomet.oxfordjournals.org/cgi/reprint/57/1/97.pdf},
	journal = {Biometrika},
	number = 1,
	pages = {97-109},
	title = {Monte Carlo sampling methods using Markov chains and their applications},
	volume = 57,
	year = 1970
}
@article{Metropolis1953,
	added-at = {2010-08-02T15:41:00.000+0200},
	author = {Metropolis, Nicholas and Rosenbluth, Arianna W. and Rosenbluth, Marshall N. and Teller, Augusta H. and Teller, Edward},
	biburl = {https://www.bibsonomy.org/bibtex/25bdc169acdc743b5f9946748d3ce587b/lopusz},
	doi = {10.1063/1.1699114},
	interhash = {b67019ed11f34441c67cc69ee5683945},
	intrahash = {5bdc169acdc743b5f9946748d3ce587b},
	journal = {The Journal of Chemical Physics},
	keywords = {MonteCarlo},
	number = 6,
	pages = {1087-1092},
	publisher = {AIP},
	timestamp = {2010-08-02T15:41:00.000+0200},
	title = {Equation of State Calculations by Fast Computing Machines},
	url = {http://link.aip.org/link/?JCP/21/1087/1},
	volume = 21,
	year = 1953
}
@article{Betancourt2013,
	author = {Betancourt, M. and Girolami, Mark},
	year = {2013},
	month = {12},
	pages = {},
	title = {Hamiltonian Monte Carlo for Hierarchical Models},
	doi = {10.1201/b18502-5}
}
@book{MacKay2002,
	author = {MacKay, David J. C.},
	year = {2002},
	title = {Information Theory, Inference and Learning Algorithms},
	publisher= {Cambridge University Press}
}
@ARTICLE{Bengio1995,
	author = {{Bengio}, Y. and {Frasconi}, P.},
	title = "{Diffusion of Context and Credit Information in Markovian Models}",
	journal = {arXiv e-prints},
	keywords = {Computer Science - Artificial Intelligence},
	year = 1995,
	month = sep,
	eid = {cs/9510101},
	pages = {cs/9510101},
	archivePrefix = {arXiv},
	eprint = {cs/9510101},
	primaryClass = {cs.AI},
	adsurl = {https://ui.adsabs.harvard.edu/abs/1995cs.......10101B},
	adsnote = {Provided by the SAO/NASA Astrophysics Data System}
}
@book{Goodfellow2016,
	author = {Goodfellow, Ian and Bengio, Yoshua and Courville, Aaron},
	title = {Deep Learning},
	year = {2016},
	isbn = {0262035618},
	publisher = {The MIT Press},
	abstract = {"Written by three experts in the field, Deep Learning is the only comprehensive book on the subject." -- Elon Musk, cochair of OpenAI; cofounder and CEO of Tesla and SpaceXDeep learning is a form of machine learning that enables computers to learn from experience and understand the world in terms of a hierarchy of concepts. Because the computer gathers knowledge from experience, there is no need for a human computer operator to formally specify all the knowledge that the computer needs. The hierarchy of concepts allows the computer to learn complicated concepts by building them out of simpler ones; a graph of these hierarchies would be many layers deep. This book introduces a broad range of topics in deep learning. The text offers mathematical and conceptual background, covering relevant concepts in linear algebra, probability theory and information theory, numerical computation, and machine learning. It describes deep learning techniques used by practitioners in industry, including deep feedforward networks, regularization, optimization algorithms, convolutional networks, sequence modeling, and practical methodology; and it surveys such applications as natural language processing, speech recognition, computer vision, online recommendation systems, bioinformatics, and videogames. Finally, the book offers research perspectives, covering such theoretical topics as linear factor models, autoencoders, representation learning, structured probabilistic models, Monte Carlo methods, the partition function, approximate inference, and deep generative models. Deep Learning can be used by undergraduate or graduate students planning careers in either industry or research, and by software engineers who want to begin using deep learning in their products or platforms. A website offers supplementary material for both readers and instructors.}
}
@ARTICLE{Sola1997,
	author={J. {Sola} and J. {Sevilla}},
	journal={IEEE Transactions on Nuclear Science}, 
	title={Importance of input data normalization for the application of neural networks to complex industrial problems}, 
	year={1997},
	volume={44},
	number={3},
	pages={1464-1468},}

@book{Neal:1996,
	author = {Neal, Radford M.},
	year = {1996},
	isbn = {0387947248},
	publisher = {Springer-Verlag},
	address = {Berlin, Heidelberg},
}
@article{Neal2012,
	author = {Neal, Radford M.},
	biburl = {https://www.bibsonomy.org/bibtex/2a89dd65871d4dc3b2f94ba950b76d87d/kirk86},
	description = {[1206.1901] MCMC using Hamiltonian dynamics},
	interhash = {798032c2508f0107f56aca51b6414bfa},
	intrahash = {a89dd65871d4dc3b2f94ba950b76d87d},
	keywords = {mcmc sampling stats},
	note = {cite arxiv:1206.1901},
	timestamp = {2019-10-15T23:58:38.000+0200},
	title = {MCMC using Hamiltonian dynamics},
	url = {http://arxiv.org/abs/1206.1901},
	year = 2012
}
@ARTICLE{Bengio1994,
	author={Y. {Bengio} and P. {Simard} and P. {Frasconi}},
	journal={IEEE Transactions on Neural Networks}, 
	title={Learning long-term dependencies with gradient descent is difficult}, 
	year={1994},
	volume={5},
	number={2},
	pages={157-166},}
@book{murphy2013machine,
	added-at = {2017-02-27T11:22:42.000+0100},
	address = {Cambridge, Mass. [u.a.]},
	author = {Murphy, Kevin P.},
	biburl = {https://www.bibsonomy.org/bibtex/270148d65a6a66e0ae962bf22c5f66148/hotho},
	description = {Machine Learning: A Probabilistic Perspective (Adaptive Computation and Machine Learning series): Kevin P. Murphy: 9780262018029: Amazon.com: Books},
	interhash = {e99d8a06cc36507b05c38192ab80573e},
	intrahash = {70148d65a6a66e0ae962bf22c5f66148},
	isbn = {9780262018029 0262018020},
	keywords = {hmm lda learning machine statistics},
	publisher = {MIT Press},
	refid = {904442949},
	timestamp = {2017-02-27T11:22:42.000+0100},
	title = {Machine learning : a probabilistic perspective},
	url = {https://www.amazon.com/Machine-Learning-Probabilistic-Perspective-Computation/dp/0262018020/ref=sr_1_2?ie=UTF8&qid=1336857747&sr=8-2},
	year = 2013
}
@book{hastie_09,
	added-at = {2010-06-03T15:15:09.000+0200},
	author = {Hastie, Trevor and Tibshirani, Robert and Friedman, Jerome},
	biburl = {https://www.bibsonomy.org/bibtex/200d858c0bd2826d4eb5f39450192d1f5/ukoethe},
	edition = 2,
	file = {:Books\\HastieTibshiraniFriedman-09-Elements-of-Statistical-Learning-2nd-edition\\hastie_09_elements-of.statistical-learning.pdf:PDF},
	interhash = {52d1772f39be836e3b298d37b8c0cfa1},
	intrahash = {00d858c0bd2826d4eb5f39450192d1f5},
	keywords = {inference mathmatics dataanalysis method clutering statistics},
	publisher = {Springer},
	timestamp = {2010-06-03T15:15:09.000+0200},
	title = {The elements of statistical learning: data mining, inference and prediction},
	url = {http://www-stat.stanford.edu/~tibs/ElemStatLearn/},
	year = 2009
}
@book{hastie2001,
	added-at = {2008-05-16T16:17:42.000+0200},
	address = {New York, NY, USA},
	author = {Hastie, Trevor and Tibshirani, Robert and Friedman, Jerome},
	biburl = {https://www.bibsonomy.org/bibtex/2f58afc5c9793fcc8ad8389824e57984c/sb3000},
	interhash = {d585aea274f2b9b228fc1629bc273644},
	intrahash = {f58afc5c9793fcc8ad8389824e57984c},
	keywords = {ml statistics},
	publisher = {Springer New York Inc.},
	series = {Springer Series in Statistics},
	timestamp = {2008-05-16T16:17:43.000+0200},
	title = {The Elements of Statistical Learning},
	year = 2001
}
@article{hastings70,
	added-at = {2009-05-22T23:03:45.000+0200},
	author = {Hastings, W. K.},
	biburl = {https://www.bibsonomy.org/bibtex/2f636b3c2026f71ad7f4f6352c2175d80/mboley},
	description = {Origin of Hasting's generalization of Metropolis' algorithm.},
	doi = {10.1093/biomet/57.1.97},
	eprint = {http://biomet.oxfordjournals.org/cgi/reprint/57/1/97.pdf},
	interhash = {d8daa18a6f782f1b2e01071c453f7b4e},
	intrahash = {f636b3c2026f71ad7f4f6352c2175d80},
	journal = {Biometrika},
	keywords = {markovChains},
	number = 1,
	pages = {97-109},
	timestamp = {2009-05-22T23:03:45.000+0200},
	title = {Monte Carlo sampling methods using Markov chains and their applications},
	url = {http://biomet.oxfordjournals.org/cgi/content/abstract/57/1/97},
	volume = 57,
	year = 1970
}
@article{rosenblatt1958,
	author = {Rosenblatt, F.},
	journal = {Psychological Review},
	number = 6,
	pages = {386-408},
	title = {The perceptron: A probabilistic model for information storage and organization in the brain.},
	volume = 65,
	year = 1958
}
@inbook{Rumelhart1986,
	author = {Rumelhart, D.E. and Hinton, G.E. and Williams, R.J.},
	title = {Learning Internal Representations by Error Propagation},
	year = {1986},
	publisher = {MIT Press},
	address = {Cambridge, MA, USA},
	booktitle = {Parallel Distributed Processing: Explorations in the Microstructure of Cognition, Vol. 1: Foundations}
	pages = {318-362},
	numpages = {45}	
}
@article{Jaynes1957,
	added-at = {2010-06-22T17:50:19.000+0200},
	author = {Jaynes, E. T.},
	biburl = {https://www.bibsonomy.org/bibtex/273ddcf27ae524e31a628f4f1a84c8723/mcclung},
	description = {Phys. Rev. 106, 620 (1957): Information Theory and Statistical Mechanics},
	doi = {10.1103/PhysRev.106.620},
	interhash = {cbe997458351b8d62a904b58205078ea},
	intrahash = {73ddcf27ae524e31a628f4f1a84c8723},
	journal = {Phys. Rev.},
	keywords = {entropy information statisticalMechanics},
	month = may,
	number = 4,
	numpages = {10},
	pages = {620--630},
	publisher = {American Physical Society},
	timestamp = {2010-06-22T17:50:20.000+0200},
	title = {Information Theory and Statistical Mechanics},
	url = {http://prola.aps.org/abstract/PR/v106/i4/p620_1},
	volume = 106,
	year = 1957
}

@book{Jeffreys61,
	added-at = {2008-09-16T23:39:07.000+0200},
	address = {Oxford, England},
	author = {Jeffreys, H.},
	biburl = {https://www.bibsonomy.org/bibtex/2dae77f8e173ba6a97ef0faed210d0416/brian.mingus},
	booktitle = {Theory of Probability},
	description = {CCNLab BibTeX},
	edition = {Third},
	interhash = {0c7cdd766ea31bac344cc9e7caacadf0},
	intrahash = {dae77f8e173ba6a97ef0faed210d0416},
	keywords = {stats},
	publisher = {Oxford},
	timestamp = {2008-09-16T23:40:20.000+0200},
	title = {Theory of Probability},
	year = 1961
}

@book{Jeffreys1940,
	author = "Jeffreys, Harold",
	title = "{The Theory of Probability}",
	isbn = "978-0-19-850368-2, 978-0-19-853193-7",
	series = "Oxford Classic Texts in the Physical Sciences",
	year = "1939"
}

@article{Kass1996,
	author = { Robert E.   Kass  and  Larry   Wasserman },
	title = {The Selection of Prior Distributions by Formal Rules},
	journal = {Journal of the American Statistical Association},
	volume = {91},
	number = {435},
	pages = {1343-1370},
	year  = {1996},
	publisher = {Taylor & Francis},
}

@article{Neyman1934,
	author = { Neyman, J.},
	title = {On the two different aspects of the representative method: The method of stratifed sampling
	and the method of purposive selection},
	journal = {Journal of the Royal Statistical Society},
	volume = {97},
	number = {4},
	pages = {558-625},
	year  = {1993},
}
@techreport{Plaut1986,
	added-at = {2010-02-27T01:05:18.000+0100},
	address = {Pittsburgh, PA},
	author = {Plaut, D. C. and Nowlan, S. J. and Hinton, G. E.},
	biburl = {https://www.bibsonomy.org/bibtex/229c8073bc72443b988bcf181fde2548a/tb2332},
	institution = {Carnegie--Mellon University},
	interhash = {a31a8830a811e4fe3b7068fd863104b8},
	intrahash = {29c8073bc72443b988bcf181fde2548a},
	keywords = {imported},
	number = {CMU--CS--86--126},
	owner = {thierry},
	timestamp = {2010-02-27T01:05:24.000+0100},
	title = {Experiments on learning back propagation},
	year = 1986
}
@article{wald1939,
	author = "Wald, Abraham",
	doi = "10.1214/aoms/1177732144",
	fjournal = "Annals of Mathematical Statistics",
	journal = "Ann. Math. Statist.",
	month = "12",
	number = "4",
	pages = "299--326",
	publisher = "The Institute of Mathematical Statistics",
	title = "Contributions to the Theory of Statistical Estimation and Testing Hypotheses",
	url = "https://doi.org/10.1214/aoms/1177732144",
	volume = "10",
	year = "1939"
}
@article{Saerens2002,
	author = {Saerens, M. and Latinne, P. and Decaestecker, C.},
	title = {Any Reasonable Cost Function Can Be Used for a Posteriori Probability Approximation},
	year = {2002},
	issue_date = {September 2002},
	publisher = {IEEE Press},
	volume = {13},
	number = {5},
	issn = {1045-9227},
	url = {https://doi.org/10.1109/TNN.2002.1031952},
	doi = {10.1109/TNN.2002.1031952},
	journal = {Trans. Neur. Netw.},
	month = sep,
	pages = {1204–1210},
	numpages = {7}
}

@book{Savage1954,
	added-at = {2009-10-28T04:42:52.000+0100},
	address = {New York},
	author = {Savage, L.},
	citeulike-article-id = {107107},
	date-added = {2007-09-03 22:45:16 -0500},
	date-modified = {2007-09-03 22:45:16 -0500},
	interhash = {94ea8e7ff3f3609e62bd4c9d277a4a35},
	intrahash = {3447f768a03785355800719259a0a87c},
	keywords = {statistics},
	publisher = {Wiley},
	timestamp = {2009-10-28T04:43:19.000+0100},
	title = {The Foundations of Statistics},
	year = 1954
}


@article{Saw1961,
	title={Applied Statistical Decision Theory.},
	author={J. G. Saw and H. Raiffa and R. Schlaifer},
	journal={Biometrika},
	year={1961},
	volume={48},
	pages={478}
}

@book{Silverman86,
	added-at = {2007-02-27T16:22:09.000+0100},
	address = {London},
	author = {Silverman, B. W.},
	biburl = {https://www.bibsonomy.org/bibtex/25c3b630fb0a76da55942a77551fde8a2/pierpaolo.pk81},
	description = {WSD},
	interhash = {caf150ab6a2f46dfe3f0e74864480d03},
	intrahash = {5c3b630fb0a76da55942a77551fde8a2},
	keywords = {imported},
	publisher = {Chapman \& Hall},
	timestamp = {2007-02-27T16:22:14.000+0100},
	title = {Density Estimation for Statistics and Data Analysis},
	year = 1986
}

@book{Sivia2006,
	added-at = {2019-03-11T21:00:05.000+0100},
	author = {Sivia, D. S. and Skilling, J.},
	biburl = {https://www.bibsonomy.org/bibtex/272f2fe4eff9fbfb391f8d72f8dd93872/fairybasslet},
	citeulike-article-id = {1731310},
	edition = {2nd},
	interhash = {967121cedc716b9bfd7a098f9b59590e},
	intrahash = {72f2fe4eff9fbfb391f8d72f8dd93872},
	keywords = {*file-import-13-09-19 bayesian},
	posted-at = {2012-10-30 12:06:16},
	priority = {2},
	publisher = {Oxford University Press},
	series = {Oxford Science Publications},
	timestamp = {2019-03-11T21:06:37.000+0100},
	title = {{Data Analysis - A Bayesian Tutorial}},
	year = 2006
}


@article{skilling2006,
	author = {Skilling, John},
	year = {2006},
	month = {12},
	pages = {833-860},
	title = {Skilling, J.: Nested sampling for general Bayesian computation. Bayesian Anal. 1(4), 833-860},
	volume = {1},
	journal = {Bayesian Analysis},
	doi = {10.1214/06-BA127}
}

@INPROCEEDINGS{skilling2004,
	author = {{Skilling}, John},
	title = "{Nested Sampling}",
	keywords = {02.50.Tt, Inference methods},
	booktitle = {Bayesian Inference and Maximum Entropy Methods in Science and Engineering: 24th International Workshop on Bayesian Inference and Maximum Entropy Methods in Science and Engineering},
	year = 2004,
	editor = {{Fischer}, Rainer and {Preuss}, Roland and {Toussaint}, Udo Von},
	series = {American Institute of Physics Conference Series},
	volume = {735},
	month = nov,
	pages = {395-405},
	doi = {10.1063/1.1835238},
	adsurl = {https://ui.adsabs.harvard.edu/abs/2004AIPC..735..395S},
	adsnote = {Provided by the SAO/NASA Astrophysics Data System}
}



@book{Scott2015,
	author = {Scott, David},
	year = {2015},
	month = {03},
	pages = {},
	title = {Multivariate Density Estimation: Theory, Practice, and Visualization},
	isbn = {9781118575536}
}

@book{laplace_thorie_1812,
	added-at = {2010-02-22T16:27:58.000+0100},
	address = {Paris},
	author = {Laplace, {Pierre-Simon}},
	biburl = {https://www.bibsonomy.org/bibtex/28c4c8f12f315e3886329d64df7597fd8/vatchoum},
	interhash = {372dcd013904f587a02bf40123a0dd85},
	intrahash = {8c4c8f12f315e3886329d64df7597fd8},
	keywords = {AleatoireBD Publié, Statistiques, {DescriptifBD,} {HasardBD,} {TirageOLD}},
	publisher = {Courcier},
	timestamp = {2010-02-22T16:43:40.000+0100},
	title = {Théorie analytique des probabilités},
	url = {http://gallica.bnf.fr/ark:/12148/bpt6k88764q},
	year = 1812
}


@book{MacKay2002,
	added-at = {2007-05-24T14:43:04.000+0200},
	author = {MacKay, David J. C.},
	biburl = {https://www.bibsonomy.org/bibtex/24c23fea472f6e75c0964badd83883d77/tmalsburg},
	interhash = {86f621d9d6f9f159448f768d792d4511},
	intrahash = {4c23fea472f6e75c0964badd83883d77},
	keywords = {bayesianinference book informationtheory neuralnetworks patternrecognition probabilitytheory},
	publisher = {Copyright Cambridge University Press},
	timestamp = {2007-05-24T14:43:04.000+0200},
	title = {Information Theory, Inference, and Learning Algorithms},
	year = 2003
}

@article{Metropolis1953,
	author = {Metropolis, Nicholas and Rosenbluth, Arianna W. and Rosenbluth, Marshall N. and Teller, Augusta H. and Teller, Edward},
	biburl = {https://www.bibsonomy.org/bibtex/25bdc169acdc743b5f9946748d3ce587b/lopusz},
	doi = {10.1063/1.1699114},
	interhash = {b67019ed11f34441c67cc69ee5683945},
	intrahash = {5bdc169acdc743b5f9946748d3ce587b},
	journal = {The Journal of Chemical Physics},
	keywords = {MonteCarlo},
	number = 6,
	pages = {1087-1092},
	publisher = {AIP},
	title = {Equation of State Calculations by Fast Computing Machines},
	volume = 21,
	year = 1953
}





@article{Jeffreys46,
	added-at = {2011-05-09T11:37:56.000+0200},
	author = {Jeffreys, Harold},
	biburl = {https://www.bibsonomy.org/bibtex/2d08dd8d8acb110db34ee2d7840fd9276/meduz},
	citeulike-article-id = {6823512},
	citeulike-linkout-0 = {http://dx.doi.org/10.2307/97883},
	citeulike-linkout-1 = {http://www.jstor.org/stable/97883},
	description = {http://en.wikipedia.org/wiki/Jeffreys\_prior: "In Bayesian probability, the Jeffreys prior, named after Harold Jeffreys, is a non-informative (objective) prior distribution on parameter space that is proportional to the square root of the determinant of the Fisher information"},
	doi = {10.2307/97883},
	groups = {public},
	interhash = {9ca8f4d828d9de2180e3e2ab19febd8f},
	intrahash = {d08dd8d8acb110db34ee2d7840fd9276},
	issn = {00804630},
	journal = {Proceedings of the Royal Society of London. Series A, Mathematical and Physical Sciences},
	keywords = {prior\_probability probabilistic\_framework scale\_parameter},
	number = 1007,
	pages = {453--461},
	posted-at = {2011-02-01 11:29:23},
	priority = {0},
	publisher = {The Royal Society},
	timestamp = {2011-05-09T11:37:56.000+0200},
	title = {An Invariant Form for the Prior Probability in Estimation Problems},
	url = {http://dx.doi.org/10.2307/97883},
	username = {meduz},
	volume = 186,
	year = 1946
}



@article{hornik1989,
	author = {Hornik, K. and Stinchcombe, M. and White, H.},
	title = {Multilayer Feedforward Networks Are Universal Approximators},
	year = {1989},
	issue_date = {1989},
	publisher = {Elsevier Science Ltd.},
	address = {GBR},
	volume = {2},
	number = {5},
	issn = {0893-6080},
	journal = {Neural Netw.},
	month = jul,
	pages = {359–366},
	numpages = {8}
}

@ARTICLE{Swaters2010,
	author = "Swaters, R.A. and Sanders, R.H. and McGaugh, S.S.",
	title = "{Testing Modified Newtonian Dynamics with Rotation Curves of Dwarf and Low Surface Brightness Galaxies}",
	eprint = "1005.5456",
	archivePrefix = "arXiv",
	primaryClass = "astro-ph.CO",
	doi = "10.1088/0004-637X/718/1/380",
	journal = "Astrophys. J.",
	volume = "718",
	pages = "380--391",
	year = "2010"
}
@ARTICLE{Famaey2012,
	author = {{Famaey}, Beno{\^\i}t and {McGaugh}, Stacy S.},
	title = "{Modified Newtonian Dynamics (MOND): Observational Phenomenology and Relativistic Extensions}",
	journal = {Living Reviews in Relativity},
	keywords = {astronomical observations, Newtonian limit, equations of motion, extragalactic astronomy, cosmology, theories of gravity, fundamental physics, astrophysics, Astrophysics - Cosmology and Nongalactic Astrophysics, Astrophysics - Astrophysics of Galaxies, General Relativity and Quantum Cosmology, High Energy Physics - Phenomenology, High Energy Physics - Theory},
	year = 2012,
	month = sep,
	volume = {15},
	number = {1},
	eid = {10},
	pages = {10},
	doi = {10.12942/lrr-2012-10},
	archivePrefix = {arXiv},
	eprint = {1112.3960},
	primaryClass = {astro-ph.CO},
	adsurl = {https://ui.adsabs.harvard.edu/abs/2012LRR....15...10F},
	adsnote = {Provided by the SAO/NASA Astrophysics Data System}
}

@ARTICLE{Swaters2012,
	author = "Swaters, R.A. and Sancisi, R. and van der Hulst, J.M. and van Albada, T.S.",
	title = "{The Link between the Baryonic Mass Distribution and the Rotation Curve Shape}",
	eprint = "1207.2729",
	archivePrefix = "arXiv",
	primaryClass = "astro-ph.CO",
	doi = "10.1111/j.1365-2966.2012.21599.x",
	journal = "Mon. Not. Roy. Astron. Soc.",
	volume = "425",
	pages = "2299",
	year = "2012"
}
@article{Renzosrule,
	author = {Sancisi, Renzo},
	year = {2004},
	month = {06},
	pages = {233},
	title = {The visible matter -- dark matter coupling},
	volume = {220},
	journal = {Symposium - International Astronomical Union},
	doi = {10.1017/S0074180900183299}
}
@article{Orear:1981qt,
	author         = "Orear, Jay",
	title          = "{LEAST SQUARES WHEN BOTH VARIABLES HAVE UNCERTAINTIES}",
	journal        = "Am. J. Phys.",
	volume         = "50",
	year           = "1982",
	pages          = "912",
	doi            = "10.1119/1.12972",
	reportNumber   = "CLNS-81/496",
	SLACcitation   = "%%CITATION = AJPIA,50,912;%%"
}
@article{Bakopoulos:2014exa,
	author = "Bakopoulos, Athanasios and Kanti, Panagiota",
	title = "{From GEM to Electromagnetism}",
	eprint = "1405.0265",
	archivePrefix = "arXiv",
	primaryClass = "gr-qc",
	doi = "10.1007/s10714-014-1742-y",
	journal = "Gen. Rel. Grav.",
	volume = "46",
	pages = "1742",
	year = "2014"
}
@article{Tian2019,
	author = {Tian, Yong and Ko, Chung-Ming},
	title = "{Halo acceleration relation}",
	journal = {Monthly Notices of the Royal Astronomical Society: Letters},
	volume = {488},
	number = {1},
	pages = {L41-L46},
	year = {2019},
	month = {07},
	issn = {1745-3925},
	doi = {10.1093/mnrasl/slz095},
	url = {https://doi.org/10.1093/mnrasl/slz095},
	eprint = {http://oup.prod.sis.lan/mnrasl/article-pdf/488/1/L41/28904716/slz095.pdf},
}
@book{turkman2019, 
	place={Cambridge}, 
	series={Institute of Mathematical Statistics Textbooks}, 
	title={Computational Bayesian Statistics: An Introduction}, 
	DOI={10.1017/9781108646185}, 
	publisher={Cambridge University Press}, 
	author={Amaral Turkman, M. Antónia and Paulino, Carlos Daniel and Müller, Peter}, 
	year={2019}, 
	collection={Institute of Mathematical Statistics Textbooks}
}

@INBOOK{Sofue2013,
	author = {{Sofue}, Yoshiaki},
	title = "{Mass Distribution and Rotation Curve in the Galaxy}",
	keywords = {Physics, Astrophysics - Astrophysics of Galaxies},
	booktitle = {Planets, Stars and Stellar Systems. Volume 5: Galactic Structure and Stellar Populations},
	year = 2013,
	editor = {{Oswalt}, Terry D. and {Gilmore}, Gerard},
	volume = {5},
	pages = {985},
	doi = {10.1007/978-94-007-5612-0_19},
	adsurl = {https://ui.adsabs.harvard.edu/abs/2013pss5.book..985S},
	adsnote = {Provided by the SAO/NASA Astrophysics Data System}
}
@article{ODR,
	author         = "Boggs, P. T. and Byrd, R. H. and Rogers, J. E. and Schnabel, R. B.",
	title          = "{User’s Reference Guide for ODRPACK Version 2.01 Software for Weighted Orthogonal	Distance Regression}",
	year           = "1992",
}
@article{Eriksen:2019xgl,
	author         = "Eriksen, Mikkel H. and Frandsen, Mads T. and From, Mogens
	H.",
	title          = "{A Cusp-Core like challenge for Modified Newtonian
	Dynamics}",
	year           = "2019",
	eprint         = "1906.07823",
	archivePrefix  = "arXiv",
	primaryClass   = "astro-ph.GA",
	SLACcitation   = "%%CITATION = ARXIV:1906.07823;%%"
}

@ARTICLE{banik2019,
	author = {{Banik}, Indranil and {Milgrom}, Mordehai and {Zhao}, Hongsheng},
	title = "{Toomre stability of disk galaxies in quasi-linear MOND}",
	journal = {arXiv e-prints},
	keywords = {Astrophysics - Astrophysics of Galaxies},
	year = 2018,
	month = aug,
	eid = {arXiv:1808.10545},
	pages = {arXiv:1808.10545},
	archivePrefix = {arXiv},
	eprint = {1808.10545},
	primaryClass = {astro-ph.GA},
	adsurl = {https://ui.adsabs.harvard.edu/abs/2018arXiv180810545B},
	adsnote = {Provided by the SAO/NASA Astrophysics Data System}
}

@article{Riess1998,
	author = "Riess, Adam et al.",
	year = 2007,
	month = 12,
	pages = 1009,
	volume = 116,
	journal = The Astronomical Journal,
	doi = 10.1086/300499
}

@article{Begeman1991,
	author = {Begeman, K. G. and Broeils, A. H. and Sanders, R. H.},
	title = "{Extended rotation curves of spiral galaxies: dark haloes and modified dynamics}",
	journal = {Monthly Notices of the Royal Astronomical Society},
	volume = {249},
	number = {3},
	pages = {523-537},
	year = {1991},
	month = {04},
	issn = {0035-8711},
	doi = {10.1093/mnras/249.3.523},
	url = {https://doi.org/10.1093/mnras/249.3.523},
	eprint = {https://academic.oup.com/mnras/article-pdf/249/3/523/18160929/mnras249-0523.pdf},
}

@article{Tian2019,
	author = "Tian, Yong and Ko, Chung-Ming",
	title = "Halo acceleration relation",
	journal = Monthly Notices of the Royal Astronomical Society: Letters,
	volume = 488,
	number = 1,
	pages = L41-L46,
	year = 2019,
	month = 07,
	issn = 1745-3925,
	doi = 10.1093/mnrasl/slz095,
	eprint = http://oup.prod.sis.lan/mnrasl/article-pdf/488/1/L41/28904716/slz095.pdf,
}

@ARTICLE{Hubble1929,
	author = {{Hubble}, Edwin},
	title = "{A Relation between Distance and Radial Velocity among Extra-Galactic Nebulae}",
	journal = {Proceedings of the National Academy of Science},
	year = 1929,
	month = mar,
	volume = {15},
	number = {3},
	pages = {168-173},
	doi = {10.1073/pnas.15.3.168},
	adsurl = {https://ui.adsabs.harvard.edu/abs/1929PNAS...15..168H},
	adsnote = {Provided by the SAO/NASA Astrophysics Data System}
}

@article{Sanders:2018mnk,
	author         = "Sanders, R. H.",
	title          = "{The prediction of rotation curves in gas-dominated dwarf
	galaxies with modified dynamics}",
	doi            = "10.1093/mnras/stz353",
	year           = "2018",
	eprint         = "1811.05260",
	archivePrefix  = "arXiv",
	primaryClass   = "astro-ph.GA",
	SLACcitation   = "%%CITATION = ARXIV:1811.05260;%%"
}

@ARTICLE{duffy2012,
	author = "Duffy, A.~R. and Moss, A. and Staveley-Smith, L.",
	journal = \pasa,
	archivePrefix = "arXiv",
	eprint = 1103.3944,
	year = 2012,
	month = may,
	volume = 29,
	pages = 202-211,
	doi = 10.1071/AS11013,
}

@misc{tausk2023basic,
	author       = {Daniel V. Tausk},
	title        = {A Basic Introduction to Probability and Statistics for Mathematicians},
	year         = {2023},
	month        = {January},
	note         = {Date: January 24th, 2023}
}


@techreport{orbanz2009functional,
	author       = {Peter Orbanz},
	title        = {Functional Conjugacy in Parametric Bayesian Models},
	institution  = {University of Cambridge},
	year         = {2009},
	type         = {Technical Report},
}


@ARTICLE{chang2019,
	author = "Chang, Zhe and Zhou, Yong",
	title = "Is there a fundamental acceleration scale in galaxies?",
	year = 2019,
}
@ARTICLE{mcgaugh2018,
	author = "McGaugh, S.~S. and Li, P. and Lelli, F. and Schombert, J.~M.",
	title = "Presence of a fundamental acceleration scale in galaxies",
	journal = Nature Astronomy,
	year = 2018,
	month = nov,
	volume = 2,
	pages = 924-924,
	doi = 10.1038/s41550-018-0615-9,
}

@article{Rodrigues:2018lvw,
	author         = "Rodrigues, Davi C. and Marra, Valerio and Del Popolo,
	Antonino and Davari, Zahra",
	title          = "{Reply to ‘Presence of a fundamental acceleration scale
	in galaxies’ and ‘A common Milgromian acceleration
	scale in nature’}",
	journal        = "Nat. Astron.",
	volume         = "2",
	year           = "2018",
	number         = "12",
	pages          = "927-929",
	doi            = "10.1038/s41550-018-0614-x",
	eprint         = "1811.05882",
	archivePrefix  = "arXiv",
	primaryClass   = "astro-ph.GA",
	SLACcitation   = "%%CITATION = ARXIV:1811.05882;%%"
}
@article{Kroupa:2018kgv,
	author         = "Kroupa, Pavel and Banik, Indranil and Haghi, Hosein and
	Zonoozi, Akram Hasani and Dabringhausen, Jörg and
	Javanmardi, Behnam and Müller, Oliver and Wu, Xufen and
	Zhao, Hongsheng",
	title          = "A common Milgromian acceleration scale in nature",
	journal        = "Nat. Astron.",
	volume         = "2",
	year           = "2018",
	number         = "12",
	pages          = "925-926",
	doi            = "10.1038/s41550-018-0622-x",
	eprint         = "1811.11754",
	archivePrefix  = "arXiv",
	primaryClass   = "astro-ph.GA",
	SLACcitation   = "%%CITATION = ARXIV:1811.11754;%%"
}

@article{Sanders:2007rg,
	author         = "Sanders, R. H. and Noordermeer, E.",
	title          = "{Confrontation of MOND with the rotation curves of
	early-type disc galaxies}",
	journal        = "Mon. Not. Roy. Astron. Soc.",
	volume         = "379",
	year           = "2007",
	pages          = "702-710",
	doi            = "10.1111/j.1365-2966.2007.11981.x",
	eprint         = "astro-ph/0703352",
	archivePrefix  = "arXiv",
	primaryClass   = "ASTRO-PH",
	SLACcitation   = "%%CITATION = ASTRO-PH/0703352;%%"
}
@article{deBlok:1998bh,
	author         = "de Blok, W. J. G. and McGaugh, S. S.",
	title          = "{Testing modified Newtonian dynamics with low surface
	brightness galaxies: Rotation curve fits}",
	journal        = "Astrophys. J.",
	volume         = "508",
	year           = "1998",
	pages          = "132",
	doi            = "10.1086/306390",
	eprint         = "astro-ph/9805120",
	archivePrefix  = "arXiv",
	primaryClass   = "astro-ph",
	SLACcitation   = "%%CITATION = ASTRO-PH/9805120;%%"
}

@article{Ade:2015xua,
	author         = "Ade, P. A. R. and others",
	collaboration  = "Planck",
	journal        = "Astron. Astrophys.",
	volume         = "594",
	year           = "2016",
	pages          = "A13",
	doi            = "10.1051/0004-6361/201525830",
	eprint         = "1502.01589",
	archivePrefix  = "arXiv",
	primaryClass   = "astro-ph.CO",
	SLACcitation   = "%%CITATION = ARXIV:1502.01589;%%"
}

@article{Komatsu:2003fd,
	author         = "Komatsu, E. and others",
	collaboration  = "WMAP",
	journal        = "Astrophys. J. Suppl.",
	volume         = "148",
	year           = "2003",
	pages          = "119-134",
	doi            = "10.1086/377220",
	eprint         = "astro-ph/0302223",
	archivePrefix  = "arXiv",
	primaryClass   = "astro-ph",
	SLACcitation   = "%%CITATION = ASTRO-PH/0302223;%%"
}

@article{Sanders:2002pf,
	author         = "Sanders, Robert H. and McGaugh, Stacy S.",
	journal        = "Ann. Rev. Astron. Astrophys.",
	volume         = "40",
	year           = "2002",
	pages          = "263-317",
	doi            = "10.1146/annurev.astro.40.060401.093923",
	eprint         = "astro-ph/0204521",
	archivePrefix  = "arXiv",
	primaryClass   = "astro-ph",
	SLACcitation   = "%%CITATION = ASTRO-PH/0204521;%%"
}

@article{Costa:2019pbz,
	author         = "Costa, Renato and Franzmann, Guilherme and Pereira, Jonas
	P.",
	year           = "2019",
	eprint         = "1904.07321",
	archivePrefix  = "arXiv",
	primaryClass   = "gr-qc",
}

@article{Milgrom:2014,
	AUTHOR = "Milgrom, M.",
	YEAR    = 2014,
	JOURNAL = Scholarpedia,
	VOLUME  = 9,
	NUMBER  = 6,
	PAGES   = 31410,
	DOI     = 10.4249/scholarpedia.31410,
	NOTE    = revision \#192235
}

@ARTICLE{Rubin1978,
	author = "Rubin, V.~C. and Ford, W.~K., Jr. and Thonnard, N.",
	journal = \apjl,
	year = "1978",
	month = "Nov",
	volume = 225,
	pages = L107-L111,
	doi = 10.1086/182804,
}

@article{McGaugh:2008nc,
	author         = "McGaugh, Stacy",
	title          = "{Milky Way Mass Models and MOND}",
	journal        = "Astrophys. J.",
	volume         = "683",
	year           = "2008",
	pages          = "137-148",
	doi            = "10.1086/589148",
	eprint         = "0804.1314",
	archivePrefix  = "arXiv",
	primaryClass   = "astro-ph",
	SLACcitation   = "%%CITATION = ARXIV:0804.1314;%%"
}

@article{Petersen:2019mfm,
    author = "Petersen, Jonas and Rosenlyst, Martin",
    archivePrefix = "arXiv",
    doi = "10.1093/mnras/stz2625",
    eprint = "1906.10421",
    journal = "Mon. Not. Roy. Astron. Soc.",
    number = "3",
    pages = "3493--3497",
    primaryClass = "astro-ph.GA",
    title = "{A toy model for the dynamical discrepancies on galactic scales}",
    volume = "490",
    year = "2019"
}
@article{Petersen:2020vks,
    author = "Petersen, Jonas and Lelli, Federico",
    archivePrefix = "arXiv",
    doi = "10.1051/0004-6361/201936964",
    eprint = "2001.03348",
    journal = "Astron. Astrophys.",
    pages = "A56",
    primaryClass = "astro-ph.GA",
    title = "{A first attempt to differentiate between modified gravity and modified inertia with galaxy rotation curves}",
    volume = "636",
    year = "2020"
}

@article{Zhao:2010dw,
	author         = "Zhao, HongSheng and Famaey, Benoit",
	journal        = "Phys. Rev.",
	volume         = "D81",
	year           = "2010",
	pages          = "087304",
	doi            = "10.1103/PhysRevD.81.087304",
	eprint         = "1003.4753",
	archivePrefix  = "arXiv",
	primaryClass   = "astro-ph.CO",
	SLACcitation   = "%%CITATION = ARXIV:1003.4753;%%"
}

@article{Petersen:2019obe,
	author         = "Petersen, Jonas",
	year           = "2019",
	eprint         = "1906.09798",
	archivePrefix  = "arXiv",
	primaryClass   = "astro-ph.GA",
	SLACcitation   = "%%CITATION = ARXIV:1906.09798;%%"
}
@article{Mcagugh:2014,
	author = "McGaugh, Stacy and Schombert, Jim",
	year = 2014,
	month = 07,
	volume = 148,
	journal = The Astronomical Journal,
	doi = 10.1088/0004-6256/148/5/77
}
@article{Milgrom:2009gv,
	author         = "Milgrom, Mordehai",
	journal        = "Phys. Rev.",
	volume         = "D80",
	year           = "2009",
	pages          = "123536",
	doi            = "10.1103/PhysRevD.80.123536",
	eprint         = "0912.0790",
	archivePrefix  = "arXiv",
	primaryClass   = "gr-qc",
	SLACcitation   = "%%CITATION = ARXIV:0912.0790;%%"
}
@ARTICLE{Faber1976,
	author = "Faber, S.~M. and Jackson, R.~E.",
	journal = \apj,
	year = 1976,
	month = mar,
	volume = 204,
	pages = 668-683,
	doi = 10.1086/154215,
}
@article{McGaugh:2004aw,
	author         = "McGaugh, Stacy S.",
	journal        = "Astrophys. J.",
	volume         = "609",
	year           = "2004",
	pages          = "652-666",
	doi            = "10.1086/421338",
	eprint         = "astro-ph/0403610",
	archivePrefix  = "arXiv",
	primaryClass   = "astro-ph",
	SLACcitation   = "%%CITATION = ASTRO-PH/0403610;%%"
}
@ARTICLE{Sanders1990,
	author = "Sanders, R.~H.",
	journal = \aapr,
	year = 1990,
	volume = 2,
	pages = 1-28,
	doi = 10.1007/BF00873540,
}
@article{Bullock:2017xww,
	author         = "Bullock, James S. and Boylan-Kolchin, Michael",
	journal        = "Ann. Rev. Astron. Astrophys.",
	volume         = "55",
	year           = "2017",
	pages          = "343-387",
	doi            = "10.1146/annurev-astro-091916-055313",
	eprint         = "1707.04256",
	archivePrefix  = "arXiv",
	primaryClass   = "astro-ph.CO",
	SLACcitation   = "%%CITATION = ARXIV:1707.04256;%%"
}
@PHDTHESIS{Bosma1978,
	author = "Bosma, A.",
	keywords = NEUTRAL HYDROGEN, GAS DISTRIBUTION, SPIRAL GALAXIES,
	school = PhD Thesis, Groningen Univ., (1978),
	year = 1978,
}
@ARTICLE{Albada1985,
	author = "van Albada, T.~S. and Bahcall, J.~N. and Begeman, K. and 
	Sancisi, R.",
	year = 1985,
	month = aug,
	volume = 295,
	pages = 305-313,
	doi = 10.1086/163375,
}
@inproceedings{Binney:2003uh,
	author         = "Binney, James",
	year           = "2003",
	note           = "[Submitted to: ASP Conf. Ser.(2003)]",
	eprint         = "astro-ph/0310219",
	archivePrefix  = "arXiv",
	primaryClass   = "astro-ph",
	SLACcitation   = "%%CITATION = ASTRO-PH/0310219;%%"
}
@article{Milgrom:2005mc,
	author         = "Milgrom, Mordehai",
	year           = "2005",
	doi            = "10.1051/eas:2006074",
	note           = "[EAS Publ. Ser.20,217(2006)]",
	eprint         = "astro-ph/0510117",
	archivePrefix  = "arXiv",
	primaryClass   = "astro-ph",
	SLACcitation   = "%%CITATION = ASTRO-PH/0510117;%%"
}
@article{Famaey:2013yua,
	author         = "Famaey, Benoit and McGaugh, Stacy",
	year           = "2013",
	eprint         = "1310.4009",
	archivePrefix  = "arXiv",
	primaryClass   = "astro-ph.CO",
	SLACcitation   = "%%CITATION = ARXIV:1310.4009;%%"
}

@article{Lelli:2017vgz,
      author         = "Lelli, Federico and McGaugh, Stacy S. and Schombert,
                        James M. and Pawlowski, Marcel S.",
      journal        = "Astrophys. J.",
      volume         = "836",
      year           = "2017",
      number         = "2",
      pages          = "152",
      doi            = "10.3847/1538-4357/836/2/152",
      eprint         = "1610.08981",
      archivePrefix  = "arXiv",
      primaryClass   = "astro-ph.GA",
      SLACcitation   = "%%CITATION = ARXIV:1610.08981;%%"
}

@article{McGaugh:2016leg,
	author         = "McGaugh, Stacy and Lelli, Federico and Schombert, Jim",
	journal        = "Phys. Rev. Lett.",
	volume         = "117",
	year           = "2016",
	number         = "20",
	pages          = "201101",
	doi            = "10.1103/PhysRevLett.117.201101",
	eprint         = "1609.05917",
	archivePrefix  = "arXiv",
	primaryClass   = "astro-ph.GA",
	SLACcitation   = "%%CITATION = ARXIV:1609.05917;%%"
}

@article{Lelli:2016zqa,
	author         = "Lelli, Federico and McGaugh, Stacy S. and Schombert,
	James M.",
	journal        = "Astron. J.",
	volume         = "152",
	year           = "2016",
	pages          = "157",
	doi            = "10.3847/0004-6256/152/6/157",
	eprint         = "1606.09251",
	archivePrefix  = "arXiv",
	primaryClass   = "astro-ph.GA",
	SLACcitation   = "%%CITATION = ARXIV:1606.09251;%%"
}

@article{Frandsen:2018ftj,
	author         = "Frandsen, Mads T. and Petersen, Jonas",
	year           = "2018",
	eprint         = "1805.10706",
	archivePrefix  = "arXiv",
	primaryClass   = "astro-ph.GA",
	SLACcitation   = "%%CITATION = ARXIV:1805.10706;%%"
}

@article{Petersen:2017klw,
	author = {Petersen, Jonas and Frandsen, Mads T},
	title = "{A method for discriminating between dark matter models and MOND modified inertia via galactic rotation curves}",
	journal = {Monthly Notices of the Royal Astronomical Society},
	volume = {496},
	number = {2},
	pages = {1077-1091},
	year = {2020},
	month = {06},
	abstract = "{Dark matter (DM) and modified Newtonian dynamics (MOND) models of rotationally supported galaxies lead to curves with different geometries in (gN, gtot)-space (g2-space). Here, gtot is the total acceleration and gN is the acceleration as obtained from the baryonic matter via Newtonian dynamics. In MOND modified inertia (MI) models, the curves in g2-space are closed with zero area and so curve segments at radii r ≥ rN (large radii) and r \\&lt; rN (small radii) coincide, where rN is the radius where gN is greatest. In DM models with cored density profiles where gtot is also zero at the Galactic Centre, the curves are again closed, but the area of the closed curves are in general non-zero because the curve segments at radii r ≥ rN and r \\&lt; rN do not coincide. Finally in DM models with cuspy density profiles such as the NFW profile where gtot is formally non-zero at the galactic origin the curves are open, and again the curve segments at radii r ≥ rN and r \\&lt; rN do not coincide.We develop a test of whether data at small and large radii coincide and investigate rotation curves from the SPARC data base in order to discriminate between the above geometries. Due to loosely quantified systematic uncertainties, we do not underline the result of the test, but instead conclude that the test illustrates the relevance of this type of analysis and demonstrate the ability to discriminate between the considered DM and MI models in this way.}",
	issn = {0035-8711},
	doi = {10.1093/mnras/staa1541},
	url = {https://doi.org/10.1093/mnras/staa1541},
	eprint = {https://academic.oup.com/mnras/article-pdf/496/2/1077/33419277/staa1541.pdf},
}


@article{Zwicky:1933gu,
	author         = "Zwicky, F.",
	journal        = "Helv. Phys. Acta",
	volume         = "6",
	year           = "1933",
	pages          = "110-127",
	doi            = "10.1007/s10714-008-0707-4",
}

@article{Bertone:2016nfn,
	author         = "Bertone, Gianfranco and Hooper, Dan",
	journal        = "Rev. Mod. Phys.",
	volume         = "90",
	year           = "2018",
	number         = "4",
	pages          = "045002",
	doi            = "10.1103/RevModPhys.90.045002",
	eprint         = "1605.04909",
	archivePrefix  = "arXiv",
	primaryClass   = "astro-ph.CO",
	reportNumber   = "FERMILAB-PUB-16-157-A",
	SLACcitation   = "%%CITATION = ARXIV:1605.04909;%%"
}

@article{Rubin:1980zd,
	author         = "Rubin, V. C. and Thonnard, N. and Ford, Jr., W. K.",
	journal        = "Astrophys. J.",
	volume         = "238",
	year           = "1980",
	pages          = "471",
	doi            = "10.1086/158003",
	SLACcitation   = "%%CITATION = ASJOA,238,471;%%"
}

@article{Lee:1977ua,
	author         = "Lee, Benjamin W. and Weinberg, Steven",
	journal        = "Phys. Rev. Lett.",
	volume         = "39",
	year           = "1977",
	pages          = "165-168",
	doi            = "10.1103/PhysRevLett.39.165",
	note           = "[,183(1977)]",
	reportNumber   = "FERMILAB-PUB-77-41-THY, FERMILAB-PUB-77-041-T",
	SLACcitation   = "%%CITATION = PRLTA,39,165;%%"
}

@article{Tully:1977fu,
	author         = "Tully, R. B. and Fisher, J. R.",
	journal        = "Astron. Astrophys.",
	volume         = "54",
	year           = "1977",
	pages          = "661-673",
	SLACcitation   = "%%CITATION = AAEJA,54,661;%%"
}

@article{Milgrom:1983ca,
	author         = "Milgrom, M.",
	journal        = "Astrophys. J.",
	volume         = "270",
	year           = "1983",
	pages          = "365-370",
	doi            = "10.1086/161130",
	SLACcitation   = "%%CITATION = ASJOA,270,365;%%"
}

@book{Jones,
	author         = "Jones, M. H. and Lambourne, R. J. A",
	year           = "2004",
}

@book{Kolb,
	author         = "Kolb, E. W. and Turner, M. S.",
	year           = "1994",
}

@article{Peebles:1982ff,
	author         = "Peebles, P. J. E.",
	journal        = "Astrophys. J.",
	volume         = "263",
	year           = "1982",
	pages          = "L1-L5",
	doi            = "10.1086/183911",
	note           = "[,85(1982)]",
	SLACcitation   = "%%CITATION = ASJOA,263,L1;%%"
}

@article{Gaitskell:2004gd,
	author         = "Gaitskell, R. J.",
	journal        = "Ann. Rev. Nucl. Part. Sci.",
	volume         = "54",
	year           = "2004",
	pages          = "315-359",
	doi            = "10.1146/annurev.nucl.54.070103.181244",
	SLACcitation   = "%%CITATION = ARNUA,54,315;%%"
}

@article{Undagoitia:2015gya,
	author         = "Marrodán Undagoitia, Teresa and Rauch, Ludwig",
	journal        = "J. Phys.",
	volume         = "G43",
	year           = "2016",
	number         = "1",
	pages          = "013001",
	doi            = "10.1088/0954-3899/43/1/013001",
	eprint         = "1509.08767",
	archivePrefix  = "arXiv",
	primaryClass   = "physics.ins-det",
	SLACcitation   = "%%CITATION = ARXIV:1509.08767;%%"
}

@book{Mellier,
	author         = "Y. Mellier and B. Ford and G. Soucail",
	year           = "1989",
}

@article{Clowe:2006eq,
	author         = "Clowe, Douglas and Bradac, Marusa and Gonzalez, Anthony
	H. and Markevitch, Maxim and Randall, Scott W. and Jones,
	Christine and Zaritsky, Dennis",
	journal        = "Astrophys. J.",
	volume         = "648",
	year           = "2006",
	pages          = "L109-L113",
	doi            = "10.1086/508162",
	eprint         = "astro-ph/0608407",
	archivePrefix  = "arXiv",
	primaryClass   = "astro-ph",
	reportNumber   = "SLAC-PUB-12078",
}

@article{Dodelson:2006zt,
	author         = "Dodelson, Scott and Liguori, Michele",
	journal        = "Phys. Rev. Lett.",
	volume         = "97",
	year           = "2006",
	pages          = "231301",
	doi            = "10.1103/PhysRevLett.97.231301",
	eprint         = "astro-ph/0608602",
	archivePrefix  = "arXiv",
	primaryClass   = "astro-ph",
	reportNumber   = "FERMILAB-PUB-06-312-A",
	SLACcitation   = "%%CITATION = ASTRO-PH/0608602;%%"
}

@article{Goldhaber1998,
	author = "Goldhaber, G. and Perlmutter, S.",
	journal = \physrep,
	year = 1998,
	month = dec,
	volume = 307,
	number = 1,
	pages = 325-331,
	doi = 10.1016/S0370-1573(98)00091-X,
}

@article{Bird:2016dcv,
	author         = "Bird, Simeon and Cholis, Ilias and Muñoz, Julian B. and
	Ali-Haïmoud, Yacine and Kamionkowski, Marc and Kovetz,
	Ely D. and Raccanelli, Alvise and Riess, Adam G.",
	title          = "Did LIGO detect dark matter?",
	journal        = "Phys. Rev. Lett.",
	volume         = "116",
	year           = "2016",
	number         = "20",
	pages          = "201301",
	doi            = "10.1103/PhysRevLett.116.201301",
	eprint         = "1603.00464",
	archivePrefix  = "arXiv",
	primaryClass   = "astro-ph.CO",
	SLACcitation   = "%%CITATION = ARXIV:1603.00464;%%"
}

@book{Vautherin,
	author         = "Vautherin, D. and Lenz, F. and Negele, J.W.",
	year           = "1989",
}
@BOOK{binney1998,
	author = {{Binney}, James and {Merrifield}, Michael},
	title = "{Galactic Astronomy}",
	year = 1998,
	adsurl = {https://ui.adsabs.harvard.edu/abs/1998gaas.book.....B},
	adsnote = {Provided by the SAO/NASA Astrophysics Data System}
}
@article{Itoh:1970uw,
	author = "Itoh, N.",
	title = "{Hydrostatic Equilibrium of Hypothetical Quark Stars}",
	doi = "10.1143/PTP.44.291",
	journal = "Prog. Theor. Phys.",
	volume = "44",
	pages = "291",
	year = "1970"
}
@article{Witten:1984rs,
	author = "Witten, Edward",
	title = "{Cosmic Separation of Phases}",
	reportNumber = "PRINT-84-0400 (IAS,PRINCETON)",
	doi = "10.1103/PhysRevD.30.272",
	journal = "Phys. Rev. D",
	volume = "30",
	pages = "272--285",
	year = "1984"
}
@article{bodmer1971,
	title = {Collapsed Nuclei},
	author = {Bodmer, A. R.},
	journal = {Phys. Rev. D},
	volume = {4},
	issue = {6},
	pages = {1601--1606},
	numpages = {0},
	year = {1971},
	month = {Sep},
	publisher = {American Physical Society},
	doi = {10.1103/PhysRevD.4.1601},
	url = {https://link.aps.org/doi/10.1103/PhysRevD.4.1601}
}

@book{Sparke,
	author         = "Sparke,L. S. and Gallagher,S. ",
	year           = "2007",
}

@book{binney,
	author = {{Binney}, James and {Tremaine}, Scott},
	title = "{Galactic Dynamics: Second Edition}",
	edition = "2.",
	year = 2008,
	adsurl = {https://ui.adsabs.harvard.edu/abs/2008gady.book.....B},
	adsnote = {Provided by the SAO/NASA Astrophysics Data System}
}

@ARTICLE{freeman,
	author = "Freeman, K.~C.",
	journal = "apj",
	year = "1970",
	month = "jun",
	volume = "160",
	pages = "811",
}

@article{patterson,
	author         = "Patterson, F. S.",
	journal        = "Harvard Obs. Bull.",
	year           = "1940",
	number         = "914",
	pages          = "9",
}

@ARTICLE{1953MNRAS.113..134D,
	author = "de Vaucouleurs, G.",
	journal = "mnras",
	year = "1953",
	volume = "113",
	pages = "134",
}

@article{Bekenstein:1984tv,
	author         = "Bekenstein, J. and Milgrom, Mordehai",
	journal        = "Astrophys. J.",
	volume         = "286",
	year           = "1984",
	pages          = "7-14",
	doi            = "10.1086/162570",
	SLACcitation   = "%%CITATION = ASJOA,286,7;%%"
}

@article{Milgrom:2002tu,
	author = "Milgrom, Mordehai",
	title = "{MOND-theoretical aspects}",
	eprint = "astro-ph/0207231",
	archivePrefix = "arXiv",
	doi = "10.1016/S1387-6473(02)00243-9",
	journal = "New Astron. Rev.",
	volume = "46",
	pages = "741--753",
	year = "2002"
}

@article{Famaey:2005fd,
	author         = "Famaey, Benoit and Binney, James",
	journal        = "Mon. Not. Roy. Astron. Soc.",
	volume         = "363",
	year           = "2005",
	pages          = "603-608",
}

@article{Navarro:1995iw,
	author         = "Navarro, Julio F. and Frenk, Carlos S. and White, Simon
	D. M.",
	journal        = "Astrophys. J.",
	volume         = "462",
	year           = "1996",
	pages          = "563-575",
}

@article{Navarro:2003ew,
	author         = "Navarro, Julio F. and Hayashi, Eric and Power, Chris and
	Jenkins, Adrian and Frenk, Carlos S. and White, Simon D.
	M. and Springel, Volker and Stadel, Joachim and Quinn,
	Thomas R.",
	journal        = "Mon. Not. Roy. Astron. Soc.",
	volume         = "349",
	year           = "2004",
	pages          = "1039",
}

@article{Diemand:2004wh,
	author         = "Diemand, Jurg and Moore, Ben and Stadel, Joachim",
	journal        = "Mon. Not. Roy. Astron. Soc.",
	volume         = "353",
	year           = "2004",
	pages          = "624",
}

@ARTICLE{einasto,
	author = "Einasto, J.",
	journal =" Publications of the Tartu Astrofizica Observatory",
	year = "1968",
	volume = "36",
	pages = "414-441",
}

@ARTICLE{einasto2,
	author = "Einasto, J. and Haud, U.",
	journal = "aap",
	year = "1989",
	month = "oct",
	volume = "223",
	pages = "89-106",
}

@ARTICLE{gao,
	author = "Gao, L. and Navarro, J.~F. and Cole, S. and Frenk, C.~S. and 
	White, S.~D.~M. and Springel, V. and Jenkins, A. and Neto, A.~F.
	",
	journal = "mnras",
	year = "2008",
	month = "jun",
	volume = "387",
	pages = "536-544",
}

@article{Moore:1994yx,
	author         = "Moore, B.",
	journal        = "Nature",
	volume         = "370",
	year           = "1994",
	pages          = "629",
}

@article{Flores:1994gz,
	author         = "Flores, Ricardo A. and Primack, Joel R.",
	title          = "{Observational and theoretical constraints on singular
	dark matter halos}",
	journal        = "Astrophys. J.",
	volume         = "427",
	year           = "1994",
	pages          = "L1-4",
}

@article{McGaugh:1998tq,
	author         = "McGaugh, Stacy S. and de Blok, W. J. G.",
	title          = "{Testing the dark matter hypothesis with low surface
	brightness galaxies and other evidence}",
	journal        = "Astrophys. J.",
	volume         = "499",
	year           = "1998",
	pages          = "41",
}

@article{vandenBosch:2000rza,
	author         = "van den Bosch, Frank C. and Swaters, Rob A.",
	title          = "{Dwarf galaxy rotation curves and the core problem of
	dark matter halos}",
	journal        = "Mon. Not. Roy. Astron. Soc.",
	volume         = "325",
	year           = "2001",
	pages          = "1017",
}

@article{vandenBosch:1999ka,
	author         = "van den Bosch, Frank C. and Robertson, Brant E. and
	Dalcanton, Julianne J. and de Blok, W. J. G",
	title          = "{Constraints on the structure of dark matter halos from
	the rotation curves of low surface brightness galaxies}",
	journal        = "Astron. J.",
	volume         = "119",
	year           = "2000",
	pages          = "1579-1591",
}

@article{deBlok:2009sp,
	author         = "de Blok, W. J. G.",
	title          = "{The Core-Cusp Problem}",
	journal        = "Adv. Astron.",
	volume         = "2010",
	year           = "2010",
	pages          = "789293",
}

@article{Kamada:2016euw,
	author         = "Kamada, Ayuki and Kaplinghat, Manoj and Pace, Andrew B.
	and Yu, Hai-Bo",
	title          = "{How the Self-Interacting Dark Matter Model Explains the
	Diverse Galactic Rotation Curves}",
	journal        = "Phys. Rev. Lett.",
	volume         = "119",
	year           = "2017",
	number         = "11",
	pages          = "111102",
}

@ARTICLE{Creasey:2016jaq,
	author = "Creasey, P. and Sameie, O. and Sales, L.~V. and Yu, H.-B. and 
	Vogelsberger, M. and Zavala, J.",
	title = "{Spreading out and staying sharp - creating diverse rotation curves via baryonic and self-interaction effects}",
	journal = "mnras",
	year = "2017",
	month = "jun",
	volume = "468",
	pages = "2283-2295",
}

@article{Chashchina:2016wle,
	author         = "Chashchina, Olga and Foot, Robert and Silagadze, Zurab",
	journal        = "Phys. Rev.",
	volume         = "D95",
	year           = "2017",
	number         = "2",
	pages          = "023009",
}

@article{Edmonds:2017zhg,
	author         = "Edmonds, Douglas and Farrah, Duncan and Minic, Djordje
	and Ng, Y. Jack and Takeuchi, Tatsu",
	journal        = "Int. J. Mod. Phys.",
	volume         = "D27",
	year           = "2017",
	number         = "02",
	pages          = "1830001",
	doi            = "10.1142/S021827181830001X",
	eprint         = "1709.04388",
	archivePrefix  = "arXiv",
	primaryClass   = "astro-ph.CO",
	SLACcitation   = "%%CITATION = ARXIV:1709.04388;%%"
}

@article{Dai:2017unr,
	author         = "Dai, De-Chang and Lu, Chunyu",,
	journal        = "Phys. Rev.",
	volume         = "D96",
	year           = "2017",
	number         = "12",
	pages          = "124016",
	doi            = "10.1103/PhysRevD.96.124016",
	eprint         = "1712.01654",
	archivePrefix  = "arXiv",
	primaryClass   = "gr-qc",
	SLACcitation   = "%%CITATION = ARXIV:1712.01654;%%"
}

@article{Cai:2017buj,
	author         = "Cai, Rong-Gen and Liu, Tong-Bo and Wang, Shao-Jiang",
	journal        = "Phys. Rev.",
	volume         = "D97",
	year           = "2018",
	number         = "2",
	pages          = "023027",
	doi            = "10.1103/PhysRevD.97.023027",
	eprint         = "1710.02425",
	archivePrefix  = "arXiv",
	primaryClass   = "hep-ph",
	SLACcitation   = "%%CITATION = ARXIV:1710.02425;%%"
}

@article{Berezhiani:2017tth,
	author         = "Berezhiani, Lasha and Famaey, Benoit and Khoury, Justin",
	journal        = "JCAP",
	volume         = "1809",
	year           = "2018",
	number         = "09",
	pages          = "021",
	doi            = "10.1088/1475-7516/2018/09/021",
	eprint         = "1711.05748",
	archivePrefix  = "arXiv",
	primaryClass   = "astro-ph.CO",
	SLACcitation   = "%%CITATION = ARXIV:1711.05748;%%"
}

@article{Li:2018tdo,
	author         = "Li, Pengfei and Lelli, Federico and McGaugh, Stacy and
	Schombert, James",
	journal        = "Astron. Astrophys.",
	volume         = "615",
	year           = "2018",
	pages          = "A3",
	doi            = "10.1051/0004-6361/201732547",
	eprint         = "1803.00022",
	archivePrefix  = "arXiv",
	primaryClass   = "astro-ph.GA",
	SLACcitation   = "%%CITATION = ARXIV:1803.00022;%%"
}

@article{orear,
	author         = "Orear, J.",
	journal        = "American Journal of Physics",
	volume         = "50",
	year           = "1982",
	number         = "912",
}

@article{demortier,
	author         = "Demortier, L.",
	title          = "{P Values: What They Are and How to Use Them}",
	year           = "2007",
}

@article{self,
	author         = "Self, S. and Liang, K.",
	title          = "{Asymptotic Properties of Maximum Likelihood Estimators and Likelihood Ratio Tests Under Nonstandard Conditions}",
	journal        = "Journal of the American Statistical Association",
	volume         = "82",
	year           = "1987",
	number         = "398",
	pages          = "605-610",
}

@ARTICLE{Portinari:2009ap,
	author = "Portinari, L. and Salucci, P.",
	title = "{The structure of spiral galaxies: radial profiles in stellar mass-to-light ratio and the dark matter distribution}",
	journal = "aap",
	year = "2010",
	month = "oct",
	volume = "521",
	eid = "A82",
	pages = "A82",
}

@article{deDenus-Baillargeon:2013uga,
	author         = "de Denus-Baillargeon, Marie-Maude and Boissier, Samuel
	and Amram, Philippe and Carignan, Claude and Hernandez,
	Olivier",
	title          = "{A Galactic Weigh-in: Mass Models of SINGS Galaxies Using
	Chemo-spectrophotometric Galactic Evolution Models}",
	journal        = "Astrophys. J.",
	volume         = "773",
	year           = "2013",
	pages          = "173",
	doi            = "10.1088/0004-637X/773/2/173",
	eprint         = "1307.2516",
	archivePrefix  = "arXiv",
	primaryClass   = "astro-ph.CO",
	SLACcitation   = "%%CITATION = ARXIV:1307.2516;%%"
}

@book{Ikelle,
	author         = "Ikelle, L. T. and Amundsen, L.",
	title          = "{Introduction to Petroleum Seismology}",
	year           = "2018",
}

@article{Milgrom:1992hr,
	author         = "Milgrom, Mordehai",
	journal        = "Annals Phys.",
	volume         = "229",
	year           = "1994",
	pages          = "384-415",
}

@article{Brada:1994pk,
	author         = "Brada, Rafael and Milgrom, Mordehai",
	journal        = "Mon. Not. Roy. Astron. Soc.",
	volume         = "276",
	year           = "1995",
	pages          = "453-459",
	doi            = "10.1093/mnras/276.2.453",
	eprint         = "astro-ph/9407071",
	archivePrefix  = "arXiv",
	primaryClass   = "astro-ph",
	reportNumber   = "WIS-94-01-PH",
	SLACcitation   = "%%CITATION = ASTRO-PH/9407071;%%"
}

@article{ODR,
	author         = "Boggs, P. T. and Byrd, R. H. and Rogers, J. E. and Schnabel, R. B.",
	title          = "{User’s Reference Guide for ODRPACK Version 2.01 Software for Weighted Orthogonal	Distance Regression}",
	year           = "1992",
}

@article{Brown,
	author         = "Brown, K. and Abraham, R. and Kell, L. and Mathur, H.",
	year           = "2018",
}

@article{McGaugh:2000sr,
	author         = "McGaugh, Stacy S. and Schombert, Jim M. and Bothun, Greg
	D. and de Blok, W. J. G.",
	journal        = "Astrophys. J.",
	volume         = "533",
	year           = "2000",
	pages          = "L99-L102",
	doi            = "10.1086/312628",
	eprint         = "astro-ph/0003001",
	archivePrefix  = "arXiv",
	primaryClass   = "astro-ph",
	SLACcitation   = "%%CITATION = ASTRO-PH/0003001;%%"
}

@article{Salucci:2016vxb,
	author         = "Salucci, Paolo",
	title          = "{Dark Matter Strikes Back}",
	year           = "2016",
	eprint         = "1612.08857",
	archivePrefix  = "arXiv",
	primaryClass   = "astro-ph.GA",
	SLACcitation   = "%%CITATION = ARXIV:1612.08857;%%"
}

@article{DiCintio:2015eeq,
	author         = "Di Cintio, Arianna and Lelli, Federico",
	title          = "{The mass discrepancy acceleration relation in a
	$\Lambda$CDM context}",
	journal        = "Mon. Not. Roy. Astron. Soc.",
	volume         = "456",
	year           = "2016",
	number         = "1",
	pages          = "L127-L131",
	doi            = "10.1093/mnrasl/slv185",
	eprint         = "1511.06616",
	archivePrefix  = "arXiv",
	primaryClass   = "astro-ph.GA",
	SLACcitation   = "%%CITATION = ARXIV:1511.06616;%%"
}

@article{Keller:2016gmw,
	author         = "Keller, B. W. and Wadsley, J. W.",
	title          = "{{\Lambda} CDM is Consistent with SPARC Radial
	Acceleration Relation}",
	journal        = "Astrophys. J.",
	volume         = "835",
	year           = "2017",
	number         = "1",
	pages          = "L17",
	doi            = "10.3847/2041-8213/835/1/L17",
	eprint         = "1610.06183",
	archivePrefix  = "arXiv",
	primaryClass   = "astro-ph.GA",
	SLACcitation   = "%%CITATION = ARXIV:1610.06183;%%"
}

@article{Ludlow:2016qzh,
	author         = "Ludlow, Aaron D. and others",
	title          = "{Mass-Discrepancy Acceleration Relation: A Natural
	Outcome of Galaxy Formation in Cold Dark Matter Halos}",
	journal        = "Phys. Rev. Lett.",
	volume         = "118",
	year           = "2017",
	number         = "16",
	pages          = "161103",
	doi            = "10.1103/PhysRevLett.118.161103",
	eprint         = "1610.07663",
	archivePrefix  = "arXiv",
	primaryClass   = "astro-ph.GA",
	SLACcitation   = "%%CITATION = ARXIV:1610.07663;%%"
}

@article{Desmond:2016azy,
	author         = "Desmond, Harry",
	title          = "{A statistical investigation of the mass
	discrepancy–acceleration relation}",
	journal        = "Mon. Not. Roy. Astron. Soc.",
	volume         = "464",
	year           = "2017",
	number         = "4",
	pages          = "4160-4175",
	doi            = "10.1093/mnras/stw2571",
	eprint         = "1607.01800",
	archivePrefix  = "arXiv",
	primaryClass   = "astro-ph.GA",
	SLACcitation   = "%%CITATION = ARXIV:1607.01800;%%"
}

@article{Navarro:2008kc,
	author         = "Navarro, Julio F. and Ludlow, Aaron and Springel, Volker
	and Wang, Jie and Vogelsberger, Mark and White, Simon D.
	M. and Jenkins, Adrian and Frenk, Carlos S. and Helmi,
	Amina",
	journal        = "Mon. Not. Roy. Astron. Soc.",
	volume         = "402",
	year           = "2010",
	pages          = "21",
	doi            = "10.1111/j.1365-2966.2009.15878.x",
	eprint         = "0810.1522",
	archivePrefix  = "arXiv",
	primaryClass   = "astro-ph",
	SLACcitation   = "%%CITATION = ARXIV:0810.1522;%%"
}

@article{Kafle:2014xfa,
	author         = "Kafle, Prajwal Raj and Sharma, Sanjib and Lewis, Geraint
	F. and Bland-Hawthorn, Joss",
	journal        = "Astrophys. J.",
	volume         = "794",
	year           = "2014",
	number         = "1",
	pages          = "59",
	doi            = "10.1088/0004-637X/794/1/59",
	eprint         = "1408.1787",
	archivePrefix  = "arXiv",
	primaryClass   = "astro-ph.GA",
	SLACcitation   = "%%CITATION = ARXIV:1408.1787;%%"
}

@article{Battaglia:2005rj,
	author         = "Battaglia, Giuseppina and Helmi, Amina and Morrison,
	Heather and Harding, Paul and Olszewski, Edward W. and
	Mateo, Mario and Freeman, Kenneth C. and Norris, John and
	Shectman, Stephen A.",
	journal        = "Mon. Not. Roy. Astron. Soc.",
	volume         = "364",
	year           = "2005",
	pages          = "433-442",
	doi            = "10.1111/j.1365-2966.2006.10688.x,
	10.1111/j.1365-2966.2005.09367.x",
	note           = "[Erratum: Mon. Not. Roy. Astron. Soc.370,1055(2006)]",
	eprint         = "astro-ph/0506102",
	archivePrefix  = "arXiv",
	primaryClass   = "astro-ph",
	SLACcitation   = "%%CITATION = ASTRO-PH/0506102;%%"
}

@article{Steinmetz:1998gr,
	author         = "Steinmetz, Matthias and Navarro, Julio",
	title          = "{The cosmological origin of the tully-fisher relation}",
	journal        = "Astrophys. J.",
	volume         = "513",
	year           = "1999",
	pages          = "555-560",
	doi            = "10.1086/306904",
	eprint         = "astro-ph/9808076",
	archivePrefix  = "arXiv",
	primaryClass   = "astro-ph",
	SLACcitation   = "%%CITATION = ASTRO-PH/9808076;%%"
}

@article{Sanders:2002ue,
	author         = "Sanders, R. H.",
	journal        = "Mon. Not. Roy. Astron. Soc.",
	volume         = "342",
	year           = "2003",
	pages          = "901",
	doi            = "10.1046/j.1365-8711.2003.06596.x",
	eprint         = "astro-ph/0212293",
	archivePrefix  = "arXiv",
	primaryClass   = "astro-ph",
	SLACcitation   = "%%CITATION = ASTRO-PH/0212293;%%"
}

@article{Skordis:2005xk,
	author         = "Skordis, Constantinos and Mota, D. F. and Ferreira, P. G.
	and Boehm, C.",
	journal        = "Phys. Rev. Lett.",
	volume         = "96",
	year           = "2006",
	pages          = "011301",
	doi            = "10.1103/PhysRevLett.96.011301",
	eprint         = "astro-ph/0505519",
	archivePrefix  = "arXiv",
	primaryClass   = "astro-ph",
	SLACcitation   = "%%CITATION = ASTRO-PH/0505519;%%"
}

@article{Dodelson:2011qv,
	author         = "Dodelson, Scott",
	title          = "{The Real Problem with MOND}",
	journal        = "Int. J. Mod. Phys.",
	volume         = "D20",
	year           = "2011",
	pages          = "2749-2753",
	doi            = "10.1142/S0218271811020561",
	eprint         = "1112.1320",
	archivePrefix  = "arXiv",
	primaryClass   = "astro-ph.CO",
	reportNumber   = "FERMILAB-PUB-11-679-A",
	SLACcitation   = "%%CITATION = ARXIV:1112.1320;%%"
}

@article{Rodrigues:2018duc,
	author         = "Rodrigues, Davi C. and Marra, Valerio and del Popolo,
	Antonino and Davari, Zahra",
	title          = "{Absence of a fundamental acceleration scale in
	galaxies}",
	journal        = "Nat. Astron.",
	volume         = "2",
	year           = "2018",
	number         = "8",
	pages          = "668-672",
	doi            = "10.1038/s41550-018-0498-9",
	eprint         = "1806.06803",
	archivePrefix  = "arXiv",
	primaryClass   = "astro-ph.GA",
	SLACcitation   = "%%CITATION = ARXIV:1806.06803;%%"
}

@article{Madau2014,
author = Madau, Piero and Shen, Sijing and Governato, F,
year = 2014,
month = 05,
volume = 789,
journal = The Astrophysical Journal Letters,
doi = 10.1088/2041-8205/789/1/L17
}

@article{Milgrom:2012rk,
	author         = "Milgrom, Mordehai",
	journal        = "Phys. Rev. Lett.",
	volume         = "109",
	year           = "2012",
	pages          = "251103",
	doi            = "10.1103/PhysRevLett.109.251103",
	eprint         = "1211.4899",
	archivePrefix  = "arXiv",
	primaryClass   = "astro-ph.CO",
	SLACcitation   = "%%CITATION = ARXIV:1211.4899;%%"
}

@article{higgs2012,
	title = "Observation of a new particle in the search for the Standard Model Higgs boson with the ATLAS detector at the LHC",
	journal = "Physics Letters B",
	volume = "716",
	number = "1",
	pages = "1 - 29",
	year = "2012",
	issn = "0370-2693",
	doi = "https://doi.org/10.1016/j.physletb.2012.08.020",
	author = "G. Aad et al.",
}

@article{higgs2012b,
	title = "Observation of a new boson at a mass of 125 GeV with the CMS experiment at the LHC",
	journal = "Physics Letters B",
	volume = "716",
	number = "1",
	pages = "30 - 61",
	year = "2012",
	issn = "0370-2693",
	doi = "https://doi.org/10.1016/j.physletb.2012.08.021",
	url = "http://www.sciencedirect.com/science/article/pii/S0370269312008581",
	author = "S. Chatrchyan et al.",
	keywords = "CMS, Physics, Higgs",
}